3000 4876
629 314 667 379 41

548 404 620 410 -.-
625 404 751 412 .--—..-

88 537 192 579 noxus
220 515 305 579 idem
333 523 395 598 est,
427 515 483 580 sed
512 517 609 580 etiam
639 526 675 581 ut
705 517 769 579 iam
790 516 861 581 dixi
882 523 951 580 tota
973 514 1145 579 euuntiata
1168 515 1210 579 ad

88 614 224 679 verbum
243 615 310 680 fere
329 626 522 702 congruunt.

176 716 223 783 Of.
246 739 317 804 cap.
339 719 379 786 V.
402 741 432 804 p.
456 719 577 801 278,31
606 715 664 783 καί
687 710 807 796 ίίξιον
828 721 902 805 τῆς
923 710 1097 805 ἡλικίας
1118 709 1210 784 αἰνα-

88 818 137 881 λα
146 812 230 901 fido
251 821 411 882 vodv=2
432 820 534 886 Mace.
553 822 585 902 6,
597 822 639 886 24
657 813 813 904 λογισμὸν
834 808 967 886 ἀστεῖον
986 809 1212 905 ἀναλαβών

90 918 162 985 καί
186 912 309 1000 ίίξιον
329 923 403 1007 τῆς
424 912 612 1007 ἡλικίας.

214 1023 257 1088 Et
279 1047 321 1088 ex
342 1024 430 1089 hisce
451 1023 629 1110 praeclaris
654 1025 705 1088 Ps.
729 1023 860 1109 losephi
880 1023 1007 1089 verbis.

178 1120 213 1189 τί
242 1124 372 1208 μέλλεις
400 1119 429 1189 rh*
448 1119 601 1211 τύραννος
635 1122 762 1208 ἕτοιμοι
784 1119 845 1211 γὰρ
868 1122 965 1209 ἐσμὲν
986 1115 1212 1245 deodoricum

89 1222 109 1314 ἢ
129 1224 348 1314 παραβαίνειν
370 1222 430 1304 τὰς
450 1222 611 1313 πατρίους
631 1220 723 1314 ἡμῶν
745 1222 886 1306 ἐντολάς.
913 1254 919 1263 ·

88 1331 190 1397 multo
209 1330 395 1417 languidius
412 1330 454 1395 ab
473 1332 606 1395 alterius
622 1332 725 1400 Mace.
740 1331 816 1396 libri
833 1333 987 1418 scriptore
1004 1332 1125 1426 factum
1144 1342 1206 1396 est:

172 1429 206 1498 τί
236 1431 365 1516 μέλλεις
394 1431 518 1518 ἐρωτᾶν
546 1432 604 1497 καί
632 1428 814 1516 μανθάνειν
844 1423 929 1521 παρ)
962 1427 1052 1522 ἡμῶν
1081 1433 1210 1517 ἕτοιμοι

88 1531 149 1621 γὰρ
172 1526 397 1623 ἀποθνήσκειν
417 1535 515 1617 ἐσμὲν
536 1522 557 1623 ἢ
574 1531 792 1622 παραβαίνειν
810 1532 887 1614 τοὺς
904 1532 1064 1623 πατρίους
1081 1531 1208 1620 νόμους.

173 1640 282 1719 Quam
295 1638 503 1725 mutationem
518 1638 681 1723 ingeniose
696 1636 875 1722 explicavit
888 1639 1121 1722 Freudentlral‚
1136 1662 1209 1705 cum

93 1740 214 1805 diceret
237 1744 282 1827 (p.
302 1743 374 1821 ill:

173 1842 270 1907 Diese
292 1842 407 1907 Worte
435 1841 506 1905 sind
537 1863 610 1907 vom
632 1841 676 1908 ll.
696 1841 797 1906 Maec.
819 1841 1047 1927 hinzugelugt,
1082 1843 1152 1907 weil
1175 1867 1209 1908 er

88 1942 217 2025 μέλλειν
247 1946 279 2009 in
302 1945 373 2008 dem
395 1944 446 2010 bei
467 1946 532 2007 ihm
553 1944 795 2029 gewiihnlichen
825 1944 903 2009 Sinn
932 1944 1101 2028 gedenken
1131 1946 1209 2010 oder

89 2047 301 2113 bevorstehen
321 2046 430 2129 nahm,
461 2047 493 2112 in
516 2046 667 2112 welchenr
689 2046 783 2112 allein
806 2069 839 2111 es
861 2047 913 2111 hei
936 2046 997 2111 den
1020 2046 1116 2111 LXX
1137 2069 1210 2112 vor·

89 2149 245 2231 kommt,·
262 2149 305 2213 da
327 2160 448 2213 musstc
475 2149 559 2214 deun
582 2150 631 2212 ein
651 2147 796 2213 Infinitiv
819 2147 1041 2233 hinzugesetzt
1069 2149 1210 2233 werden,

89 2250 194 2316 durch
223 2252 287 2317 den
309 2274 368 2315 aus
389 2252 450 2316 don
473 2252 611 2318 schitnen
627 2251 763 2315 Worten
785 2251 838 2316 bei
860 2252 978 2318 lason:
1015 2253 1081 2334 (vel
1101 2254 1209 2338 potius

89 2354 177 2441 apud
208 2354 260 2420 Ps.
286 2352 480 2440 Iosephum).
531 2353 611 2417 Was
640 2362 768 2438 adgerst
797 2355 842 2419 du
864 2355 1025 2440 Tyranni
1057 2356 1114 2420 wir
1136 2357 1207 2421 sind

88 2456 191 2520 bereit
209 2480 239 2522 u.
258 2480 281 2525 s.
297 2480 335 2519 w.
359 2468 458 2521 etwas
478 2479 512 2521 so
535 2456 773 2542 gewiihnliches
792 2457 882 2521 ward
902 2459 977 2522 wie:
1011 2457 1092 2523 Was
1112 2459 1208 2523 willst

88 2561 132 2624 du
153 2582 213 2624 uns
231 2559 345 2645 fragen
360 2561 426 2625 und
449 2583 511 2626 von
530 2583 589 2625 uns
612 2560 791 2624 erfahren?
821 2554 915 2625 D‘enn
935 2562 993 2624 wir
1014 2561 1086 2626 sind
1105 2562 1208 2627 bereit

89 2684 120 2725 u.
137 2684 162 2726 s.
182 2666 239 2724 w.“
916 2747 922 2753 .

173 2763 253 2828 Cum
288 2763 359 2827 aliis
393 2759 593 2849 argumentis
626 2773 693 2828 tum
723 2762 782 2827 hoc
813 2765 881 2849 ipso
912 2761 979 2828 loco
1002 2765 1090 2829 nisus
1114 2764 1205 2830 homo
1276 2772 1280 2781 “

86 2866 199 2930 doctus
222 2878 308 2932 recte
328 2869 501 2950 contendit,
522 2867 593 2932 fieri
615 2890 675 2931 uon
698 2889 801 2952 posse,
823 2875 860 2930 ut
881 2866 931 2929 Ps.
954 2866 1112 2952 Iosephus
1133 2890 1208 2954 sup·

86 2969 254 3055 pliciorum
289 2972 505 3034 narrationem
542 2993 582 3034 ex
617 2970 717 3034 altero
739 2968 840 3033 Mace.
869 2966 952 3033 libro
984 2969 1206 3056 desumpserit.

87 3073 181 3151 Quae
211 3095 409 3159 quamquam
437 3075 508 3137 iure
538 3071 756 3138 Freudenthal
787 3070 981 3153 affirmavit,
1015 3083 1204 3138 tamennon

86 3175 160 3238 inde
178 3176 269 3260 scqui
285 3176 443 3256 existimo,
465 3175 550 3261 quod
571 3175 643 3238 aliis
662 3178 768 3239 causis
785 3175 919 3238 refutari
937 3196 1038 3259 supra
1057 3175 1207 3256 vidimus,

86 3276 231 3341 Iasonem
255 3278 307 3340 Ps.
328 3276 455 3362 losephi
478 3278 595 3341 sontem
618 3300 696 3344 esse.
740 3279 823 3341 Nam
845 3277 996 3363 quoniam
1018 3279 1082 3339 iarn
1103 3278 1207 3342 Ewal·

86 3381 157 3460 (lus,
180 3403 242 3467 quo
265 3392 335 3444 erat
356 3382 504 3446 acumine
532 3381 651 3465 ingenii
682 3379 812 3443 alterius
835 3380 938 3444 Maec.
969 3378 1044 3442 libri
1075 3380 1207 3466 scripto·

85 3505 151 3545 rom
183 3505 246 3546 non
272 3506 398 3569 semper
428 3483 575 3547 Iasonem
603 3492 748 3546 secutum
772 3503 858 3561 esse,
891 3479 947 3544 sed
970 3481 1066 3543 etiam
1088 3481 1128 3545 de
1149 3505 1206 3546 suo

83 3585 243 3671 quaedam
267 3587 429 3650 addidisse
451 3585 692 3666 animadvertit,
713 3585 795 3648 nihil
816 3583 946 3649 obstare
968 3583 1109 3666 videtur,
1130 3607 1205 3670 quo-

85 3689 189 3750 minus
222 3685 304 3751 hanc
337 3687 569 3773 suppliciorum
603 3688 821 3751 narrationem
849 3709 890 3750 ex
915 3688 965 3753 Ps.
990 3687 1123 3772 losepho
1153 3711 1206 3752 ex-

84 3800 228 3875 cerptam
251 3812 319 3853 csse
340 3790 545 3859 arbitremur.
580 3791 674 3869 Quae
692 3791 821 3877 quidem
844 3792 949 3877 opinio
972 3812 1011 3854 ea
1033 3813 1068 3855 re
1092 3790 1206 3855 confir·

84 3901 212 3974 matur,
245 3891 331 3977 quod
354 3894 385 3955 in
408 3891 509 3957 altero
530 3893 801 3958 Maccahaeorum
828 3891 910 3957 libro
931 3892 1017 3958 duae
1042 3902 1139 3980 atque
1161 3895 1206 3958 di·

85 4016 198 4059 versae
230 3994 398 4059 relationes
426 3995 609 4080 permixtae
639 4004 722 4060 sunt.
773 3994 854 4059 Oum
884 3995 968 4059 enim
997 4005 1095 4060 antea
1116 3996 1204 4061 illam

82 4095 278 4162 ludaeorum
293 4098 544 4183 persecutionem
562 4119 625 4162 non
648 4096 690 4160 ab
713 4098 782 4182 ipso
802 4119 888 4183 rege,
909 4099 964 4163 sed
989 4098 1030 4163 ab
1054 4099 1121 4162 eius
1140 4122 1204 4162 ma·

82 4200 274 4287 gistratihus
306 4201 485 4263 institutam
520 4221 588 4262 esse
623 4199 779 4263 traditum
808 4201 850 4263 sit
882 4200 979 4288 (quod
1009 4201 1076 4264 sine
1105 4199 1204 4264 dubio
