3000 4876
795 344 837 410 54

718 435 810 442 —-..-
823 433 920 441 ...—

713 607 781 680 eap.
804 606 913 665 xvrrr.

322 734 360 791 25
382 719 555 807 προέμενοι
581 732 619 788 29
644 709 907 802 ἀνανεωσάμενοι
928 712 1216 805 ἕκπεπολιόρκηκε.

257 868 285 924 p.
308 852 413 924 302‚1
445 849 474 907 in
504 849 633 922 margine
662 835 895 924 ἐκδιαιεθῆναι
930 847 1001 907 2in
1023 847 1153 920 margine
1174 832 1380 922 ἐστρατοπέ-

319 943 413 1007 δευσε
447 933 653 1027 3ἡδικαία,
683 950 713 1007 in
735 950 863 1022 margine
886 935 1000 1005 δίκαια
1035 952 1052 1008 6
1084 929 1160 1006 οὐδὲ
1181 934 1320 1028 ἔφθειρε
1356 949 1375 1006 8

318 1035 488 1132 ἆπατητὴς
508 1035 586 1132 ὄφις
622 1056 659 1112 10
680 1038 842 1130 μακάριος
861 1042 921 1126 μὲν
943 1043 1074 1123 ἐκεῖνος,
1102 1053 1132 1112 in
1161 1051 1291 1125 margine
1319 1062 1377 1127 yg:

320 1144 375 1214 τὸν
397 1141 457 1235 γὰρ
478 1151 536 1235 τῆς
556 1137 723 1231 εὐσεβείας
744 1142 817 1233 βίον
839 1140 1037 1234 ἐπιζητήσας
1066 1157 1104 1214 12
1128 1136 1212 1228 ὑμᾶς
1236 1155 1274 1213 13
1297 1152 1382 1212 deest

319 1254 378 1316 τοῦ
414 1263 451 1318 14
483 1242 568 1333 ὑμῖν,
603 1242 885 1335 ὁλοκαρπούμειον
914 1242 1015 1314 ἶσαὰκ
1043 1245 1099 1312 καὶ
1136 1257 1172 1315 15
1202 1237 1293 1329 ὑμῶν
1339 1256 1378 1313 16

321 1345 405 1435 ὑμᾶς
436 1361 474 1418 18
495 1360 572 1420 idem
602 1364 638 1419 21
664 1361 745 1420 deest
764 1351 820 1417 καὶ
841 1390 877 1400 -
894 1345 1005 1437 κύριος
1027 1360 1104 1434 qnod
1125 1360 1156 1419 in
1176 1358 1307 1431 margine
1329 1373 1379 1417 ex·

321 1467 389 1536 stet,
413 1463 452 1519 22
469 1447 685 1546 παροιμίαζεν
697 1445 773 1535 ὑμῖν
796 1465 835 1522 25
851 1445 937 1540 mein
948 1452 1008 1538 μὲν
1030 1447 1090 1539 γὰρ
1113 1463 1153 1520 28
1171 1455 1236 1517 τῶν
1251 1443 1382 1538 ἡμερῶν

324 1567 363 1623 30
385 1559 451 1641 πῦρ
474 1552 597 1642 φλέξας
616 1553 756 1642 λέβησιν,
791 1565 821 1623 in
849 1567 979 1640 margine
1007 1562 1074 1643 πῦρ
1098 1552 1177 1641 περὶ
1207 1549 1306 1642 ζήσας
1341 1565 1381 1623 32

321 1651 423 1721 πάλιν
444 1651 512 1734 τάς.

259 1807 287 1862 p.
312 1789 413 1861 303,1
439 1787 521 1846 deest
543 1772 603 1855 τὰς
638 1785 760 1845 5deest
782 1775 838 1841 καὶ
855 1781 902 1863 τῷ
917 1814 953 1825 -
966 1779 1039 1856 τῶν,
1070 1784 1191 1859 praebet
1210 1770 1310 1860 μητρὶ
1335 1768 1384 1850 εἷς

323 1878 474 1967 πατέρων
494 1875 590 1967 χορὸν
624 1893 641 1948 7
664 1889 747 1948 deest
774 1885 841 1946 τοῦ.
885 1888 919 1947 In
946 1886 1003 1948 fine
1031 1875 1124 1955 τέλος
1146 1870 1204 1941 σὺν
1224 1877 1298 1962 θεῷ
1320 1876 1383 1940 τοῦ

322 1982 398 2071 περὶ
419 1988 484 2049 τῶν
505 1980 722 2067 μακιιαβαίων
743 1977 848 2067 λόγου.
