3000 4876
777 214 819 279 22

202 402 337 484 stiterit
359 418 488 482 traditis
518 419 652 482 nimium
682 415 787 499 absit,
818 416 927 502 potius
956 413 1139 502 scripserim
1170 408 1361 497 δραβάλλων

237 516 295 585 ἐπὶ
315 522 376 584 τοῦ
396 515 532 598 ἔθνους,
567 517 753 598 „maledixit
773 517 803 582 ei
824 537 934 582 coram
955 515 1092 601 populo“
1125 511 1359 604 aeque-atque

238 621 326 707 apud
347 623 528 687 Lucianum
549 623 731 688 invenitur:
752 611 927 705 γράψομαί
943 638 980 683 oa
1000 613 1201 704 παρανόμων
1224 617 1282 684 ἐπὶ
1301 618 1364 684 ’τοῦ

236 714 486 806 Ῥαδαμάνθυος
516 722 604 808 apud
632 720 914 786 Rhadamanthem
944 730 976 784 te
1005 723 1176 799 accusabo,
1223 721 1303 808 Cap.
1321 723 1363 790 V.

235 848 267 911 p.
289 825 352 890 219
359 873 369 907 ,
405 826 447 888 24
475 825 676 890 Fritzschius
711 832 824 889 contra
856 822 1005 888 codicum
1039 827 1269 889 auctoritatem
1300 846 1361 909 pro

236 921 400 1008 ἰσονομεῖν
428 926 690 992 substituendum
720 926 850 1011 putavit
872 920 1049 1007 ὶσονέμειν,
1080 948 1178 1013 quam
1199 928 1361 992 coniectu·

235 1050 306 1093 ram
336 1027 531 1093 reiciendam
560 1049 629 1092 esse
648 1027 720 1113 ipsa
740 1026 846 1091 forma
866 1026 976 1112 prodit
1002 1028 1119 1092 Atticis
1147 1028 1283 1094 insueta.
1323 1028 1362 1094 cf.

236 1129 368 1195 Lobeok
390 1131 513 1215 Phrym
535 1153 569 1216 p.
583 1130 645 1196 249
664 1139 696 1193 et
714 1129 865 1214 Krueger
882 1133 910 1209 ξ.
925 1130 977 1211 42,
998 1131 1029 1196 8.
1061 1129 1121 1194 Est
1136 1139 1245 1194 autem
1263 1129 1363 1194 libro·
1387 1204 1391 1211 Ι

236 1254 309 1296 rum
338 1234 500 1318 scriptura
529 1226 694 1312 ἰσονομεῖν
722 1241 810 1294 recte
835 1230 945 1294 codem
975 1232 1068 1297 modo
1096 1230 1235 1296 formata
1263 1241 1363 1318 atque

236 1329 467 1421 ἱπποτροφεῖν.
510 1334 581 1398 lam
611 1354 688 1399 vero
715 1333 856 1419 experiri
884 1332 981 1415 libet,
1015 1333 1130 1420 ecquid
1160 1356 1260 1419 opera
1289 1356 1363 1398 mea

236 1437 357 1521 corrigi
378 1437 477 1521 possit
500 1436 591 1501 locus
612 1436 746 1522 quidam
766 1437 853 1500 sexti
874 1436 990 1522 capitis
1016 1437 1149 1521 (phar,
1169 1437 1233 1520 19),
1264 1459 1362 1523 quem

237 1560 310 1602 cum
331 1536 549 1622 depravatum
564 1559 631 1601 esse
652 1547 823 1618 constaret,
842 1538 940 1601 etiam
962 1538 1162 1603 Fritzsohius
1186 1539 1362 1604 emendare

236 1638 354 1723 voluit3
386 1639 443 1704 sed
465 1661 538 1704 eum
558 1639 644 1726 quod
665 1641 816 1725 petebat,
849 1651 1033 1705 assecutum
1057 1661 1121 1704 non
1141 1650 1229 1725 puto.
1270 1640 1361 1721 Quin

238 1743 334 1804 etiam
355 1742 419 1806 leni
440 1742 508 1806 eius
531 1742 708 1805 mutatione
729 1763 833 1826 grave
853 1742 887 1804 ni
907 1742 1003 1805 fallor
1027 1741 1179 1806 mendum
1198 1764 1363 1826 gramma·

241 1845 339 1906 ticum
360 1844 394 1906 in
415 1852 541 1908 textum
562 1842 688 1908 illatum
711 1852 767 1911 est.
816 1844 897 1908 Cum
920 1845 1004 1908 enim
1032 1854 1104 1928 post
1132 1839 1361 1930 μιαροφαγίας

237 1966 296 2031 pro
308 1954 467 2010 commate
476 1945 562 2032 quod
574 1947 673 2032 vulgo
688 1947 829 2032 ponitur,
847 1957 1001 2031 punctum
1015 1947 1192 2032 scripserit,
1210 1945 1282 2011 fieri
1295 1969 1362 2013 non

237 2046 301 2109 iam
318 2055 434 2132 potest,
451 2057 487 2112 ut
504 2048 705 2134 eoniunotivi
723 2040 953 2131 ἐπιβιώσωμεν
971 2098 978 2112 .
999 2097 1006 2112 .
1027 2051 1362 2137 ..καταφρονηθῶμεο

238 2149 280 2212 ab
303 2147 358 2211 ἵνα
378 2149 559 2234 pendeant,
590 2150 647 2214 sed
669 2150 747 2213 nihil
768 2150 858 2214 aliud
884 2152 1098 2237 relinquitur,
1131 2173 1229 2238 quam
1258 2162 1296 2215 ut
1325 2153 1362 2218 in

238 2251 347 2315 eodem
371 2253 535 2316 enuntiato
558 2252 637 2316 duos
659 2252 730 2317 illos
750 2253 974 2317 coniunctivos
999 2263 1031 2316 et
1052 2275 1153 2316 unum
1175 2254 1361 2339 optativum

237 2347 535 2437 (προασπίσαιμεν)
557 2353 599 2418 ad
621 2354 878 2418 coniunctionem
899 2348 930 2417 ei
948 2344 1095 2439 (αἰσχρόν
1116 2342 1152 2418 d'
1176 2349 1221 2438 ai)
1242 2353 1361 2418 refera-

237 2476 326 2538 mus,
357 2477 454 2541 quam
476 2455 638 2521 licentiam
659 2478 825 2543 nunquam
842 2457 906 2520 sibi
926 2440 1097 2542 sumpisset
1117 2456 1169 2521 Ps.
1189 2455 1360 2541 Josephus.

239 2556 447 2644 Quamquam
475 2559 572 2622 etiam
598 2558 631 2621 in
653 2567 805 2643 receptae
826 2580 911 2644 quae
932 2568 1069 2624 vocatur
1089 2556 1226 2621 lectione
1246 2558 1357 2624 insunt

239 2657 356 2744 quibus
375 2660 584 2724 offendamur.
615 2659 701 2723 Nam
722 2669 759 2722 ut
775 2660 1044 2744 praetermittam,
1065 2667 1166 2723 totam
1188 2660 1358 2744 periodum

159 2796 161 2801 ·
241 2760 335 2822 nimis
358 2781 426 2824 esse
447 2760 631 2842 distentam,
653 2761 750 2824 etiam
768 2762 948 2826 coniunctio
970 2760 1033 2840 ἵνα,
1055 2783 1129 2826 cum
1146 2782 1209 2825 non
1228 2760 1269 2826 de
1286 2783 1358 2826 con·

238 2859 308 2937 silio
339 2861 396 2927 sed
425 2860 467 2926 de
495 2863 610 2926 effectu
632 2883 735 2926 sermo
757 2864 816 2944 sit,
848 2883 965 2947 parum
989 2863 1139 2948 quadrat.
1177 2864 1303 2953 Verum
1323 2872 1360 2928 ut

183 2973 210 3047 t,
237 2940 304 3044 iffi
321 2972 443 3028 statum
471 2963 584 3028 melius
612 2964 833 3049 perspiciatis,
865 2963 949 3028 hunc
967 2964 1073 3029 locum
1094 2965 1128 3028 in
1149 2963 1358 3030 vernaculam

238 3065 386 3150 linguam
408 3065 582 3130 transferre
603 3067 684 3129 mihi
707 3065 821 3130 liceat:

327 3167 387 3247 ,Es
416 3177 504 3232 ware
533 3168 690 3249 thorioht,
725 3190 817 3232 wenn
845 3166 897 3231 ioh
915 3212 923 3229 .
941 3217 948 3232 ,
969 3215 977 3231 .
996 3215 1004 3230 .
1022 3167 1102 3252 jetzt
1132 3167 1218 3231 mein
1249 3164 1358 3230 Leben
1404 3236 1406 3250 Ι

238 3268 372 3334 tuderte
391 3271 458 3335 und
480 3270 584 3335 selber
607 3271 665 3335 der
687 3271 816 3355 Jngend
839 3291 914 3334 zum
941 3267 1078 3333 Vorbild
1104 3267 1162 3332 der
1184 3267 1406 3352 Gottlosigw

238 3370 356 3454 diente,
382 3392 417 3436 eo
437 3372 513 3438 dosa
534 3372 587 3438 ich
610 3374 662 3437 ein
681 3373 819 3459 Beispiel
841 3372 898 3436 der
919 3364 1126 3458 μιαροφαγία
1149 3369 1312 3437 darbiite.“

323 3472 473 3538 Dicimus
495 3475 597 3559 igitur
616 3497 650 3539 so
673 3474 759 3556 dass,
780 3496 844 3540 non
865 3473 977 3554 damit,
998 3481 1094 3536 recta
1131 3473 1216 3536 Nam
1234 3470 1357 3538 etiamsi
1399 3502 1402 3507 ·

238 3571 379 3639 Eleazar
409 3576 574 3661 suppliciis
607 3579 713 3643 victus
743 3576 830 3641 cibos
861 3575 992 3640 Iudaeis
1021 3576 1207 3639 interdictos
1228 3575 1354 3654 edisset,

240 3685 347 3740 tamen
369 3679 535 3743 consilium
555 3692 643 3744 certe
664 3701 727 3743 non
748 3679 916 3743 habuisset
941 3678 1118 3743 iuventutis
1146 3678 1230 3742 malo
1254 3698 1356 3742 exem·

188 3830 192 3837 .
238 3777 291 3863 plo
313 3782 584 3866 corrumpendae,
614 3781 669 3844 sed
691 3782 768 3866 quia
790 3782 859 3866 ipse
880 3780 956 3861 edit,
976 3780 1098 3845 idcirco
1118 3781 1271 3844 iuventus
1292 3800 1358 3845 cor·

239 3879 457 3964 rumpebatur.
502 3881 618 3967 ltaque
640 3883 680 3948 lin
702 3881 832 3947 Graeca
860 3880 973 3965 lingua
1001 3904 1065 3946 non
1093 3882 1274 3947 coniunctio
1304 3880 1357 3945 ἵνα

238 3981 294 4046 sed
316 3971 400 4045 aiore
421 3982 569 4047 adhiberi
590 3981 738 4048 debebat.
788 3984 961 4047 Praeterea
991 3992 1085 4047 tanta
1114 3983 1295 4069 tautologia
1324 3985 1356 4047 in

238 4082 347 4149 verbis
368 4072 519 4168 ἀσεβείας
539 4079 664 4200 triopus
683 4096 715 4150 et
736 4079 946 4171 παράδειγμα
963 4080 1188 4173 μιαροφοιγίας
1204 4088 1297 4170 inest,
1319 4095 1357 4153 ut
