3000 4866
730 352 771 420 12

186 560 365 625 breviorem
387 559 555 623 lectionem
577 558 749 644 praebent:
781 545 929 620 ἀλλ’ὅσοι
950 559 1008 643 τῆς
1030 544 1198 638 εὐσεβείας
1221 578 1306 641 προ-

188 666 318 727 νοοῦσιν
347 659 382 738 ἐξ
404 652 479 746 ὅλης
501 654 647 745 καρδίας,
679 643 769 722 οὗτοι
791 652 886 739 μόνοι
909 652 1065 721 δυ’νσνιοι
1087 661 1219 742 κρατεῖν
1240 660 1306 723 τῶν

186 767 244 840 εἷς
262 756 382 848 σαρκὸς
398 765 530 826 παθῶν.
554 783 651 847 quam
677 760 876 824 Fritzsehius
901 762 1075 845 genuinam
1102 784 1169 827 esse
1190 772 1306 828 censet.

188 866 393 952 Quamquam
416 887 488 930 eum
510 886 627 950 parum
649 862 794 944 elueeat,
826 862 983 949 quomodo
1015 863 1119 928 altera
1143 865 1306 950 seriptnra

187 993 228 1034 ex
244 968 348 1032 altera
363 969 454 1033 nasei
468 967 621 1053 potuerit,
644 966 714 1032 veri
736 974 783 1031 est
804 965 998 1030 simillimum
1021 976 1171 1031 neutram
1200 967 1307 1032 leetio-

186 1093 259 1138 nem
281 1070 323 1135 ad
346 1072 451 1156 ipsum
471 1071 522 1135 Ps.
546 1069 724 1156 Josephum
746 1069 863 1150 redire,
884 1068 940 1133 sed
961 1068 1018 1132 illa
1040 1069 1143 1135 verba
1165 1091 1186 1133 a
1206 1069 1305 1135 libra·

185 1177 242 1240 riis
263 1174 453 1240 Christianis
477 1173 604 1238 adieota
626 1195 712 1255 esse,
745 1173 802 1256 qui
829 1171 915 1258 quod
939 1170 1158 1258 philosophiae
1181 1171 1335 1258 sappum}

187 1301 250 1341 non
272 1276 400 1362 pietatis
430 1276 479 1340 vis
504 1275 740 1356 illustraretur,
771 1297 868 1360 aegre
895 1275 1052 1341 ferebant.
1092 1276 1199 1361 Atque
1227 1275 1308 1342 haee

186 1401 257 1444 mea
270 1379 375 1464 opinio
393 1377 551 1464 singulari
565 1377 742 1442 eloeut-ione
756 1379 814 1462 τῆς
835 1370 955 1461 σαρκὸς
972 1379 1096 1440 παθών
1114 1397 1199 1462 quae
1217 1376 1305 1461 apud

186 1483 236 1546 Ps.
259 1479 431 1565 losephum
459 1479 616 1542 inusitata
643 1488 700 1558 est,
723 1477 819 1543 valde
843 1477 1061 1547 confirmatur.
1102 1477 1199 1544 Nullo
1223 1479 1306 1543 enim

186 1583 272 1669 quod
304 1584 368 1648 seio
399 1583 538 1667 genuino
568 1581 636 1646 loeo
665 1582 821 1646 orationis
851 1584 956 1648 earnis
985 1584 1033 1645 ita
1056 1583 1177 1647 mentio
1198 1579 1247 1664 fit,
1269 1591 1307 1646 ut

186 1706 288 1770 aeque
317 1693 414 1770 atque
432 1685 466 1746 in
488 1706 571 1750 novo
596 1693 786 1748 testamento
811 1687 856 1766 (et
878 1685 938 1749 hoe
960 1683 1042 1764 loeo)
1071 1679 1215 1769 prototo
1237 1706 1306 1749 eor·

185 1810 265 1874 pore
285 1786 489 1852 adhibeatur.

270 1891 338 1955 Nee
358 1891 463 1952 minus
483 1888 601 1952 offendi
619 1890 652 1951 in
671 1889 710 1950 iis
733 1887 840 1952 verbis
856 1910 940 1973 quae
961 1888 1059 1974 paulo
1081 1898 1152 1974 post
1174 1892 1218 1974 (p.
1231 1889 1305 1972 284,

187 1995 219 2072 2)
241 1994 409 2078 leguntur,
440 1987 496 2054 καὶ
518 1984 746 2067 πεπιστευκώς
766 1993 854 2077 θεῷ,
882 1992 1003 2077 quippe
1028 2011 1112 2077 quae
1142 2006 1162 2055 a
1182 1992 1236 2058 Ps‚
1256 1991 1306 2057 Io·
1335 2030 1343 2055 ·.

186 2096 277 2182 sephi
309 2096 435 2159 ratione
469 2096 626 2159 sentiendi
656 2107 692 2159 ut
721 2094 800 2157 mihi
829 2094 958 2159 videtur
988 2093 1085 2159 valde
1112 2093 1303 2179 discrepent.

187 2199 260 2263 Hae
281 2199 365 2261 euim
387 2197 564 2264 elocutione
588 2199 650 2262 nisi
672 2198 828 2262 violenter
851 2197 952 2264 verba
973 2197 1102 2283 premis,
1132 2196 1222 2261 aliud
1244 2219 1306 2260 non

186 2299 394 2386 significatur,
429 2322 526 2385 quam
554 2301 705 2383 homines,
732 2322 805 2365 eum
836 2299 931 2364 deum
961 2321 995 2362 se
1027 2299 1216 2365 adiuturum
1240 2319 1307 2362 esse

186 2399 403 2483 confiderent,
426 2403 558 2467 affectus
579 2425 672 2488 posse
694 2424 859 2483 eoereere,
890 2402 976 2486 quod
999 2412 1036 2466 ut
1057 2426 1131 2468 eum
1152 2402 1306 2468 Christia-

186 2527 301 2569 norum
322 2504 403 2587 fide,
437 2505 493 2591 qui
514 2504 609 2568 deum
632 2505 818 2568 elementem
840 2515 967 2589 patrem
990 2526 1059 2568 esse
1081 2505 1229 2587 eredunt,
1252 2527 1305 2590 op-

188 2605 264 2669 time
285 2603 461 2691 eonsenilit,
483 2607 531 2669 ita
552 2615 666 2671 eontra
687 2607 829 2670 auctoris
851 2605 965 2670 Iudaei
987 2608 1178 2671 sententiam
1199 2607 1307 2694 prola-

110 2754 115 2762 .
187 2720 256 2773 tum
278 2718 334 2774 est.
372 2708 477 2772 Doeet
494 2710 578 2773 enim
600 2710 650 2776 Ps.
676 2707 852 2794 Iosephus,
887 2708 1006 2790 adeo,
1040 2710 1132 2775 euius
1153 2734 1194 2775 ne
1222 2713 1307 2776 iram

187 2818 348 2890 moveant,
370 2809 511 2874 homines
531 2811 646 2876 Iudaei
667 2832 792 2896 semper
812 2809 954 2892 timeant,
975 2810 1078 2895 legem
1101 2833 1169 2876 esse
1191 2812 1304 2877 datam

187 2933 284 2998 quam
302 2911 388 2976 nullo
407 2912 500 2976 modo
519 2912 643 2978 violare
661 2911 780 2978 liceret.
817 2911 934 2998 Itaque
951 2935 991 2976 ne
1013 2913 1100 2978 eibos
1119 2913 1191 2998 lege
1212 2915 1307 2980 inter·

186 3018 289 3081 dietos
310 3017 457 3098 ederent,
487 3016 678 3082 Maccabaei
699 3017 755 3102 qui
777 3026 960 3096 voeantur,
989 3015 1211 3082 erudelissima
1234 3040 1308 3104 sup-

160 3176 162 3181 Α
187 3118 284 3203 plicia
313 3121 472 3204 patienter
503 3119 655 3188 tulerunt.
698 3119 809 3204 Ipsum
844 3129 952 3183 autem
986 3118 1082 3183 deum
1110 3121 1152 3184 iis
1184 3119 1306 3186 auxilio

188 3221 311 3285 venisse
339 3221 391 3287 vel
419 3242 529 3285 eorum
560 3222 682 3286 animos
712 3220 953 3287 confirmavisse
982 3242 1141 3306 nusquam
1169 3243 1308 3293 eommo-

187 3332 340 3387 moratur.
377 3322 440 3387 Sed
463 3344 569 3387 omnes
587 3323 648 3388 looi
670 3325 726 3410 qui
748 3324 811 3389 hue
831 3333 981 3409 spectare
1002 3322 1153 3405 videntur
1176 3343 1195 3386 a
1215 3322 1308 3388 Chri-

188 3424 299 3486 stianis
340 3423 382 3489 ab
416 3426 546 3491 oratore
583 3426 846 3492 dissentientibus
885 3425 967 3490 male
1004 3426 1183 3511 interpositi
1223 3436 1306 3491 sunt.

187 3528 301 3592 Neseio
321 3528 408 3593 auid
427 3550 554 3614 quoque
571 3530 691 3594 addere
712 3529 857 3610 debeam,
874 3529 966 3614 quod
987 3529 1122 3595 verbum
1140 3550 1168 3590 rr
1182 3521 1307 3593 στεύειν

114 3665 120 3672 -
186 3632 304 3714 spuriis
325 3629 404 3694 loeis
419 3633 573 3696 orationis
596 3633 725 3718 saepius
747 3632 922 3697 invenitur.
963 3633 1002 3698 ef.
1024 3654 1055 3716 p.
1075 3632 1148 3714 283,
1163 3551 1207 3711 22
1227 3652 1307 3696 πισ-

186 3722 331 3807 τεύοντες
353 3781 360 3795 .
384 3780 392 3795 .
416 3782 423 3796 .
447 3722 498 3796 ὅτι
520 3736 592 3818 θεῷ
614 3722 673 3798 οὖνν
699 3722 970 3820 ἀποθνήσκουσιν
992 3781 1000 3796 .
1024 3781 1032 3797 .
1057 3780 1064 3797 .

270 3835 332 3899 Sed
355 3858 469 3900 vereor
487 3858 527 3901 ne
549 3836 665 3900 nimius
685 3838 720 3908 in
741 3836 803 3901 hoe
825 3858 943 3920 genere
965 3836 1088 3904 videar.
1127 3833 1243 3920 Itaque
1265 3856 1306 3900 ne

186 3933 307 4000 diutius
334 3936 448 4022 loquar
476 3937 517 4001 de
546 3938 672 4022 piorum
705 3937 880 4023 legentium
901 3936 1129 4002 additamentis
1151 3937 1184 4002 id
1207 3959 1307 4002 unum

187 4037 363 4122 adiungere
385 4038 463 4102 mihi
487 4040 646 4104 inanimo
669 4050 734 4122 est,
766 4062 829 4105 non
857 4041 959 4104 solum
982 4050 1050 4104 tota
1072 4040 1242 4105 enuntiata
1264 4040 1306 4105 ir·

187 4140 334 4227 repsisse,
356 4141 411 4206 sed
434 4143 531 4207 etiam
552 4142 696 4228 singulas
715 4143 847 4209 vooulas
869 4143 912 4207 ad
933 4143 1128 4227 elegantiam
1150 4143 1305 4208 sermonis

187 4242 370 4328 augendam
392 4264 412 4308 a
431 4244 574 4313 librariis
594 4247 734 4312 insertas
757 4268 833 4315 esse.
873 4246 948 4311 Hue
969 4254 1096 4331 spectat
1117 4244 1198 4313 illud
1220 4244 1306 4333 quod
