3000 4876
137 499 269 571 κωτυίτα
306 518 342 575 31
376 516 457 576 deest
486 506 541 573 καί
571 506 646 594 περὶ
675 501 713 572 τὸ
735 509 838 589 σῦμα,
874 512 926 574 sed
949 496 999 585 (τὸ
1022 507 1117 589 σιῖμα
1140 502 1196 570 καί

138 609 239 697 περί).

73 742 101 798 p.
127 725 227 796 272,1
252 716 375 777 ποδοῖν
393 701 559 796 (ἀγαθοῖν)
582 725 602 780 4
618 705 733 800 ἡδονῆς
750 710 807 776 καί
831 722 849 781 5
870 707 926 777 ἐὰν
942 699 1024 794 (οὖν)
1036 703 1089 778 ὅτε
1108 706 1198 801 αῦτη

136 842 193 904 γρ;
227 812 283 881 ἐὰν
314 802 370 881 οὖν
399 805 540 903 ἒννοηδῇ
561 839 612 894 τις
634 813 741 903 ἑαυτῷ
764 808 815 881 ὅτι
837 813 1014 903 περιέπεσε
1036 821 1076 905 τῇ
1098 808 1198 906 ἡδονῇ

137 913 232 985 teet
256 913 301 983 δὲ.
334 931 352 986 7
375 916 430 982 καὶ
452 912 494 982 τὰ
515 916 575 1000 μὲν
598 922 704 1006 φυχῆς
725 908 898 999 ἀλαζονεία
919 916 1197 1006 καῖ’φιλαργυρία

137 1047 166 1087 κ.
200 1023 308 1110 φιλοδ.
339 1044 368 1085 κ.
399 1021 505 1108 φιλον.
535 1045 564 1085 κ.
586 1025 682 1103 βασι.
705 1028 735 1086 in
757 1029 886 1101 margine
906 1009 1047 1085 ἀπιστία
1068 1015 1198 1108 φθόγος

139 1136 156 1192 9
178 1122 235 1187 καί
257 1118 437 1208 λαιμαργία
459 1119 516 1186 καὶ
534 1118 726 1240 μονοφαγία
750 1134 789 1190 10
806 1123 892 1187 δυειν
917 1137 952 1191 11
975 1128 1064 1206 (τῶν)
1090 1136 1128 1192 13
1147 1133 1196 1193 de-

50 1211 52 1216 ·
138 1240 182 1294 est
203 1248 238 1289 τε
268 1237 307 1291 14
328 1223 494 1305 μεταχέων
516 1213 696 1305 (ῦχετεῦων)
730 1236 767 1292 17
789 1223 968 1314 ε’πιδειυρεκ
991 1222 1077 1314 (γὰρ)
1101 1223 1137 1291 δὲ
1159 1223 1197 1291 τὸ

137 1331 269 1414 πρῶτον
292 1339 329 1394 21
346 1325 452 1412 ε’πικρ.
466 1349 555 1412 φαιν.
569 1320 665 1413 δλογ.
690 1341 731 1396 24
754 1319 804 1392 ὅτι
827 1323 963 1393 δύναται
979 1331 1044 1392 ταῖν
1061 1318 1197 1413 ὀρέξεων

139 1444 177 1498 29
202 1425 371 1518 σώφρονος
401 1429 560 1514 λογισμοῦ
588 1433 670 1513 (νοῦ)
699 1453 754 1516 γρ;
795 1423 926 1527 ῦίγχεται
949 1453 1018 1517 γαρ,
1050 1420 1196 1495 ἀνακοπ-

137 1528 265 1616 τόμενα.

563 1658 634 1732 cap
661 1658 714 1718 111

73 1800 103 1853 p
128 1782 199 1854 273,
214 1784 228 1837 1
253 1762 420 1847 κάλλους
412 1795 441 1837 m
462 1794 553 1852 marg.
575 1791 629 1856 γρε
664 1763 768 1857 ηδέως
802 1783 820 1839 2
853 1763 904 1836 ὅτι
934 1767 1064 1860 διανοίᾳ
1100 1769 1197 1862 tm

139 1876 197 1960 τίς
218 1863 427 1960 ἡδυπαθείας
457 1885 474 1940 6
499 1865 516 1936 5
538 1871 644 1958 λογ.’
628 1897 736 1962 επικρ.
761 1898 850 1962 φαιν.
882 1889 900 1944 7
924 1886 1005 1945 deest
1027 1834 1197 1958 δεσπόζειν

141 1964 368 2041 ἀναδείκνυται
398 1985 510 2058 quod
501 2002 531 2044 m
560 2001 652 2059 marg
675 1984 800 2045 additur
835 1980 953 2062 8γοῦν
975 1972 1060 2064 (γὰρ)
1093 1971 1196 2045 9ὅσα

138 2083 186 2166 τῷ
218 2091 256 2146 10
277 2072 321 2166 μὴ
352 2073 417 2163 (δὲ)
439 2075 664 2161 ἐπιθυμεῖν
639 2075 763 2166 είρηκεν
786 2072 803 2145 5
825 2075 922 2163 νόμος
943 2074 1028 2168 ἡμᾶς
1063 2096 1097 2149 11
1122 2077 1196 2146 πεί-

140 2171 273 2265 σαιμ’ῦίν
302 2175 386 2265 ὑμᾶς
422 2194 460 2250 16
482 2175 576 2269 (5)th
596 2185 674 2265 τι(ς)
696 2168 715 2268 ᾗ
755 2195 792 2251 17
814 2205 870 2268 γρε
900 2180 1111 2272 ἐπιχορηγῶν
1140 2183 1195 2247 καί

143 2296 180 2352 18
203 2282 351 2350 ἐστασυῖν
382 2296 419 2350 21
444 2279 786 2370 ἐπιραγολογοίμευος,
808 2297 838 2354 in
859 2311 949 2368 marg.
972 2311 998 2351 ιο
1033 2297 1072 2353 22
1094 2279 1197 2372 ἐ’ργων

140 2383 175 2453 δὲ
198 2381 321 2453 ’ἔνεστιν
343 2399 383 2455 23
406 2379 423 2452 5
445 2387 512 2471 λογ.
536 2393 663 2474 κρατιῦν
685 2400 725 2456 24
748 2393 879 2477 κρατεῖν
901 2401 940 2458 26
964 2384 1020 2456 διὰ
1036 2385 1093 2479 τὴν
1108 2415 1196 2477 παρ,

140 2500 222 2560 deest
242 2496 307 2556 τῶν
340 2503 380 2559 28
402 2485 561 2577 πονηρίας
590 2501 629 2557 29
654 2481 737 2557 ὅπου
760 2489 816 2556 καὶ
838 2487 962 2579 ἔχθρας
983 2487 1117 2557 δυ’ναται
1141 2490 1193 2556 ἐπ.

140 2585 157 2657 5
179 2593 246 2677 λογ.
271 2604 308 2661 31
333 2585 413 2680 μήτε
435 2589 497 2674 (δὲ)
521 2602 560 2660 32
582 2585 623 2655 τὰ
647 2586 691 2656 δὲ.

73 2721 103 2776 p.
129 2706 238 2779 274,1
264 2689 378 2760 καὶδὲ
403 2707 421 2760 4
446 2686 463 2759 5
486 2689 626 2780 σώφρων
647 2698 721 2772 νοῦς
742 2685 932 2760 ἀπωθεῖται
957 2686 1068 2783 ὥσπερ
1099 2706 1116 2763 6
1140 2695 1196 2760 καί

139 2792 200 2884 γὰρ
222 2791 339 2862 τοῦτου
363 2808 380 2864 7
404 2787 545 2883 ἇβειριῦν
565 2787 603 2862 οῦ
624 2801 737 2879 θυμοῦ
760 2806 778 2863 8
801 2787 884 2861 ἀλλὰ
905 2801 954 2884 τηῖ
979 2810 1016 2865 14
1031 2793 1196 2883 (ἐδύνατο)

137 2905 202 2966 τοῖν
219 2905 337 2984 θυμοῖν
355 2893 372 2967 5
392 2902 459 2987 λογ.
476 2904 607 2988 κρατεῖν
632 2912 669 2968 16
687 2895 905 2964 κατεσκεύασε
919 2894 961 2963 τὰ
975 2893 1072 2986 πάθη
1095 2892 1197 2962 αὐτοῦ

136 3002 193 3067 καὶ
225 2998 266 3066 τὰ
294 2995 362 3090 ἤδη
389 2996 622 3090 περιεφῦτευσε
650 2999 707 3066 καί
734 2997 885 3088 τηνικάδε
906 3000 963 3066 ἐπὶ
986 2997 1118 3067 πάντων
1139 2998 1196 3068 τὸν

139 3098 224 3191 ἱερὸν
244 3097 383 3191 ἡγεμόνα
405 3109 479 3170 νοῦν
501 3099 558 3170 διὰ
579 3109 645 3169 τιῦν
667 3101 760 3170 αίσδ.
786 3117 824 3173 25
849 3109 1045 3189 σιυματικιῦν
1069 3117 1107 3174 26
1131 3101 1194 3190 (τὸ)

138 3217 177 3272 28
195 3195 278 3270 ἄλλα
296 3209 344 3292 τηῖ
358 3210 458 3292 θυμῷ
476 3203 612 3272 δυνατὸν
629 3203 690 3290 (ὸς)
708 3204 764 3274 τὸν
786 3202 831 3292 (ὁ)
854 3203 1009 3293 λογισμὸν
1026 3212 1193 3296 βοηθῆσαι

138 3319 177 3375 30
200 3300 297 3390 ῦμιῦν,
320 3303 358 3373 τὸ
378 3305 421 3396 μί,
446 3322 483 3378 31
509 3300 681 3375 δύναιτ’ῦίν.

74 3439 103 3493 p.
123 3422 162 3478 27
166 3422 195 3494 5,
212 3425 224 3478 1
247 3421 329 3481 deest
346 3417 405 3477 τοῦ
427 3425 444 3479 3
462 3421 544 3481 deest
561 3418 629 3502 ede,
647 3424 768 3497 praebet
786 3409 979 3502 προςβαλών
998 3405 1196 3503 ἀλλοφύλοις

139 3507 250 3580 ὁΔῦδ
285 3524 409 3584 4deest
430 3511 474 3596 ἐξ,
507 3525 590 3586 deest
613 3509 630 3580 5
651 3518 732 3596 Δᾶδ,
766 3529 795 3585 in
824 3542 914 3598 marg.
944 3539 999 3601 γρι
1036 3514 1109 3599 ἐπεὶ
1134 3513 1195 3604 γὰρ

138 3604 258 3703 δι’ὅλης
279 3621 336 3703 τῆς
355 3609 477 3703 ἡμέρας
498 3618 651 3702 πολεμοῦν
669 3605 706 3706 ἦν
725 3614 802 3696 τοῦς
816 3608 1021 3705 ἀλλοφύλους
1037 3615 1094 3682 καὶ
1112 3617 1195 3682 πολ-

136 3713 213 3796 λοῦς
241 3717 278 3797 ἐξ
306 3709 413 3784 αὐτῶν
447 3731 464 3786 8
493 3719 594 3807 (περὶ)
621 3718 677 3786 ἐπὶ
699 3714 737 3786 τὸ
760 3722 892 3787 δεῖπνον
915 3707 995 3807 ἦσαν
1032 3710 1117 3796 θὼς
1138 3717 1194 3782 καὶ

140 3833 178 3888 10
200 3810 339 3908 ηδύνατο
362 3817 526 3889 ἰάσασθαι
546 3814 698 3889 διἀῦτιῦν
722 3835 760 3892 13
783 3816 1010 3902 ῦπασπιστιῦν,
1032 3816 1196 3906 βασιλέως

137 3920 303 4012 ἐπιθυμίη
334 3940 373 3993 14
395 3921 453 3992 δύο
478 3939 515 3995 16
538 3921 659 3992 κοίλπιν
676 3940 721 4004 ,19
744 3915 1001 4013 ἆνευρό(οί)μενοῖ
1019 3936 1059 3993 20
1082 3919 1193 4006 ἐκόμι-

139 4051 197 4094 σαν
227 4035 274 4116 τρῖ
302 4033 434 4116 βασιλεῖ
459 4027 514 4097 τὸν
535 4026 637 4097 ποτόν
671 4045 708 4100 21
731 4027 789 4119 τὴν
811 4026 915 4117 δίψαν
949 4041 988 4097 22
1012 4031 1118 4116 ψυχῆς
1155 4039 1193 4094 24

141 4135 213 4208 νοῦς
235 4126 279 4210 ὡς
301 4130 382 4222 ἔφην
405 4148 443 4202 27
463 4131 695 4198 necessatium·
717 4146 756 4201 28
772 4124 961 4197 ιίποῑιτίσαι
989 4143 1024 4197 31
1048 4126 1195 4215 ἱστορίας

136 4257 203 4300 του.
