3000 4876
728 304 770 369 44

650 396 851 404 -—-——-—.-

186 523 300 567 manus
324 503 351 568 Ο
371 525 444 567 cum
466 504 654 570 festinanter
681 507 855 591 scripserit,
876 515 1137 571 ornamentorum
1169 504 1308 571 audacia

186 603 232 667 ita
251 603 390 686 excellit,
410 616 447 670 ut
466 608 494 671 ai
511 629 626 672 revera
643 630 684 672 ex
697 607 864 672 literarum
877 606 977 672 ductu
992 607 1114 673 indoles
1133 629 1172 673 ac
1189 617 1308 673 natura

186 704 319 771 hominis
350 710 489 794 perspici
511 719 625 795 potest,
647 710 817 775 librarium
840 709 924 777 hunc
954 710 1053 776 fuisse
1073 710 1246 798 suspiceris
1267 732 1308 776 ex

186 806 277 877 codd.
299 810 474 875 exarandis
507 823 655 898 questum
685 813 863 878 facientem.
905 811 993 892 Quin
1022 813 1120 878 etiam
1145 812 1211 878 tale
1230 812 1308 898 quid

186 932 227 975 ex
247 911 324 996 ipsis
355 910 480 979 librarii
502 913 610 979 verbis
634 913 848 1000 colligendum
877 914 1111 999 videturesse,
1147 915 1204 1001 qui
1233 913 1307 980 folio

185 1012 249 1078 270
276 1014 422 1079 carmine
452 1016 603 1102 ascripto,
637 1025 848 1103 posteaquam
867 1015 1070 1083 Constantini
1102 1038 1216 1083 nomen
1244 1015 1309 1082 sibi

188 1137 255 1179 esse
275 1115 437 1181 confessus
458 1125 516 1197 est,
539 1116 599 1183 hoc
620 1117 713 1183 modo
737 1119 858 1203 pergit:

249 1247 283 1317 εἴ
301 1276 352 1330 τις
371 1248 483 1339 ἔμοιγε
504 1252 653 1338 νέμεσσιν
675 1250 856 1343 αΐδρείησιν
881 1251 997 1344 ἐφήσει

251 1346 379 1420 οὕνεκεν
401 1351 643 1443 αἰολόγροπτος
675 1359 878 1443 (festinanter
900 1361 1040 1444 scriptus
1049 1358 1080 1443 ?)
1110 1350 1169 1439 epi
1193 1350 1309 1441 βίβλος

289 1455 488 1532 &acediosae

248 1548 282 1623 οἷ
301 1549 392 1646 αὐτῷ
412 1584 448 1646 ys
468 1555 614 1642 μάλιστα
636 1555 721 1626 πολὺ
740 1556 899 1647 πρότερον
920 1552 1091 1647 νεμεοήοει

251 1651 430 1750 οὐλομένης
448 1658 563 1751 πενίης
584 1653 757 1751 ἇγνοηκότι
779 1659 922 1728 κύντατα
944 1659 1032 1750 ἔργα.

269 1800 339 1863 Iam
363 1824 440 1868 vero
464 1827 535 1869 eam
555 1804 780 1887 differentiam,
811 1827 895 1892 quae
916 1805 1000 1869 inter
1029 1800 1172 1887 singulas
1193 1820 1310 1864 manus

186 1901 365 1985 intercedit,
388 1907 572 1970 accuratius
595 1908 693 1992 p'aulo
712 1907 894 1972 describere
915 1907 993 1970 mihi
1013 1905 1120 1971 liceat

271 2023 381 2110 Pingit
410 2025 493 2089 enim
520 2025 694 2112 illaquam
725 2025 937 2113 Cappellavi
967 2025 1122 2091 librarius
1143 2021 1271 2085 literam
1294 2017 1312 2098 ζ
1379 2108 1383 2115 .

187 2147 333 2214 omnibus
354 2151 439 2237 quod
461 2153 560 2217 sciam
580 2152 658 2218 locis
681 2153 738 2217 tali
759 2154 863 2236 mode,
897 2163 934 2218 ut
958 2151 1084 2218 numeri
1102 2149 1227 2214 arabici
1234 2124 1294 2249 3

189 2278 327 2361 speciem
350 2278 479 2362 haheat,
499 2302 572 2345 cum
589 2281 623 2344 in
645 2281 769 2369 reliqua
790 2291 884 2368 parte
905 2282 1024 2348 codicis
1045 2277 1183 2345 uncialis
1205 2279 1311 2343 forma

207 2376 244 2517 ζ
265 2405 366 2472 soleat
397 2408 664 2493 praeponderare.
709 2411 784 2475 Huc
806 2421 930 2495 spectat
951 2410 1036 2497 quod
1058 2381 1253 2499 ligatura&
1282 2411 1310 2475 si

186 2535 279 2599 modo
301 2534 445 2618 ligatura
467 2534 579 2598 vocari
600 2544 713 2619 potest,
740 2536 867 2621 apudO
887 2535 1048 2622 syllabam
1066 2558 1106 2602 σο
1125 2539 1213 2624 apud
1237 2541 1309 2605 AB

188 2659 223 2712 ος
237 2635 408 2722 significat.
441 2637 616 2701 Praeterea
634 2638 667 2701 in
685 2639 782 2702 tertia
801 2661 898 2703 manu
913 2639 939 2704 O
953 2662 1112 2726 nusquam
1129 2641 1308 2726 ligaturam

203 2741 273 2877 -ζ,
287 2764 342 2832 sed
357 2740 543 2874 ubique&
557 2765 709 2832 invenies.
742 2769 835 2832 Adde
846 2790 976 2835 manum
990 2769 1126 2856 Asuper
1138 2768 1308 2838 vocalibus

187 2925 208 2979 t,
239 2899 442 2963 onominum
465 2921 503 2963 ac
525 2899 725 2986 syllabarum
748 2899 837 2961 initio
859 2906 981 2984 puncta
1002 2918 1130 2981 ponere,
1168 2919 1252 2984 quae
1274 2908 1307 2962 et

187 3007 218 3064 in
236 3002 312 3065 Bet
331 3000 404 3067 inO
426 3001 523 3086 vulgo
546 3000 778 3081 omittuntur*).
803 3002 964 3064 Aeeentus
983 3009 1090 3063 autem
1110 3021 1148 3064 ac
1163 3001 1305 3087 spiritus,

114 3090 118 3097 ⁵
188 3106 244 3192 qui
268 3105 364 3167 etiam
386 3126 483 3190 super
505 3107 542 3188 ῤῥ
565 3102 740 3186 (interdum
764 3103 798 3166 in
820 3102 900 3183 AB,
921 3124 1046 3188 semper
1068 3103 1100 3166 in
1122 3102 1160 3182 O)
1183 3104 1303 3168 inveni-

185 3218 295 3290 untur,
310 3208 440 3294 proprie
456 3206 612 3292 angulatI,
626 3205 785 3269 scribendi
801 3204 967 3270 celeritate
980 3205 1150 3268 rotundam
1166 3205 1304 3290 plerum-

186 3335 248 3396 que
270 3311 406 3375 formam
430 3318 632 3395 aeceperunt.
676 3310 724 3373 Ac
747 3306 882 3372 diastole
914 3328 997 3393 quae
1022 3316 1169 3390 vocatur,
1198 3329 1304 3392 saepe-

186 3435 329 3495 numero,
352 3413 482 3499 hyphen
499 3434 633 3498 perraro
649 3411 829 3476 adhibetur.
861 3409 979 3495 Capita
998 3432 1075 3474 vero
1098 3420 1196 3496 atque
1210 3431 1304 3497 para·

185 3518 301 3601 graphi
330 3516 487 3602 quomodo
517 3515 741 3580 distribuenda
763 3516 836 3595 sint,
868 3536 941 3578 eum
963 3513 1068 3598 spatio
1090 3514 1252 3578 interiecto
1272 3521 1303 3575 et

185 3618 285 3683 literis
318 3620 470 3704 promotis
505 3629 572 3683 tum
606 3619 752 3683 linea-
776 3617 915 3701 margini
948 3616 1096 3701 apposita
1129 3615 1301 3681 indicatur.

185 3719 287 3784 Totus
317 3730 427 3784 autem
455 3719 537 3784 liber
559 3742 615 3784 me.
637 3718 786 3804 operculo
821 3719 926 3802 ligneo
959 3729 990 3781 et
1021 3717 1097 3781 alba
1117 3716 1303 3781 membrana

186 3821 297 3885 induto
331 3822 563 3903 circumdatur,
595 3820 628 3885 in
652 3821 737 3907 quod
768 3819 945 3885 artefieiose
976 3820 1089 3884 variae
1117 3828 1301 3884 sanctorum

185 3983 230 3989 ...-
239 3981 439 3988 mm...

274 4098 297 4160 *l
316 4103 372 4150 Huc
397 4109 493 4164 spectat
517 4062 624 4162 εἰοιιοιοἔ
639 4080 675 4186 X)
698 4103 763 4166 quod
788 4106 814 4150 in
834 4104 920 4152 tabula
940 4104 1014 4151 affixa
1035 4104 1071 4150 ita
1093 4102 1234 4152 adhibitum
1255 4103 1298 4161 est,

187 4233 215 4276 nt
232 4228 321 4277 literas
340 4228 466 4287 significet
483 4225 549 4288 apud
569 4225 592 4277 A
611 4227 629 4273 B
649 4228 793 4276 inusitatas.
