3000 4876
730 328 773 400 29

185 519 258 585 iure
287 517 505 584 Fraudenthal
535 519 580 602 (p.
610 518 665 600 63)
696 518 990 582 extraordinariam
1020 515 1241 603 philosophiae
1262 517 1307 581 in-

185 619 406 706 tellegentiam
431 621 467 685 in
495 640 531 683 eo
559 618 658 684 fuisse
687 617 907 684 affirmaverit.
949 618 1158 705 lmmoquod
1181 619 1307 682 exiliis

185 721 339 808 prooemii
360 719 469 786 verbis
490 713 765 807 φιλοσοφώτατον
786 714 880 805 λόγον
906 716 1159 785 ἐπιδείκνυσθαι
1180 717 1307 802 μέλλων

185 833 246 888 ete.
268 822 426 908 gaudium
447 821 610 909 quoddam
633 824 770 887 oratoris
800 844 937 907 magnae
956 845 1035 888 suae
1063 825 1174 910 ipsius,
1191 824 1309 888 doctri·

186 945 248 989 nae
270 923 396 989 elucere
416 924 557 1006 videtur,
589 947 692 1011 neque
713 934 828 988 auctor
849 924 883 988 id
905 925 1076 1010 praestitit,
1108 924 1194 1012 quod
1216 926 1306 989 initio

185 1024 344 1113 promisit,
376 1027 514 1112 suspicio
534 1037 694 1108 movetur,
726 1026 905 1112 philosophi
928 1029 1064 1112 speciem
1086 1049 1159 1092 eum
1182 1026 1246 1089 alia
1268 1025 1308 1090 de

186 1149 288 1194 causa
309 1149 389 1214 prae
409 1150 443 1192 se
464 1150 527 1193 non
547 1127 667 1210 tulisse,
688 1149 786 1214 quam
804 1139 842 1192 ut
858 1129 1058 1193 audientium
1073 1129 1307 1193 ineruditorum

186 1229 430 1297 admirationem
452 1233 621 1299 excitaret.

272 1330 385 1396 Restat
404 1343 441 1397 ut
462 1332 687 1398 difficultatem
709 1332 873 1420 quandam
893 1333 934 1398 de
953 1332 1047 1413 loco,
1062 1353 1157 1419 quem
1180 1332 1232 1395 Ps.
1259 1329 1310 1393 Io·
1404 1355 1407 1361 ⁴

186 1431 307 1518 sephus
326 1435 440 1519 pietati
462 1435 628 1517 tribuerit,
650 1434 793 1500 breviter
812 1436 1078 1521 perstringamus.
1120 1434 1202 1498 Cum
1224 1434 1308 1496 enim

186 1536 279 1602 initio
300 1536 355 1601 ille
376 1536 498 1604 Stoicos
520 1550 649 1604 secutus
670 1548 763 1620 esset,
793 1539 849 1624 qui
869 1558 1008 1616 summos
1031 1546 1184 1623 quattuor
1206 1536 1309 1599 virtu·

186 1646 236 1701 tes
264 1639 434 1704 ePlatone
456 1639 720 1727 desumpserunt,
752 1640 896 1725 quaestio
917 1640 1029 1704 existit
1041 1638 1213 1725 'quomodo
1234 1658 1308 1701 cum

186 1739 251 1806 liae
277 1740 498 1827 philosophiae
529 1743 677 1808 doctrina
706 1744 860 1828 pietatem
888 1730 1064 1824 (εὐσέβεια)
1094 1741 1309 1819 coniunxerit,

185 1842 284 1907 cuius
319 1865 498 1930 permagna
524 1847 574 1912 vis
604 1845 667 1910 hac
697 1845 842 1909 oratione
874 1854 949 1908 ante
979 1844 1086 1908 omnia
1116 1842 1308 1908 celebratur.

187 1941 346 2029 Explicat
367 1945 498 2031 quidem
519 1946 739 2012 Frendenthal
764 1952 807 2032 (p.
826 1945 898 2030 eoi:
948 1946 1054 2024 ,Aher
1083 1945 1136 2009 die
1162 1944 1308 2028 Religion

187 2046 276 2111 steht
293 2069 421 2112 unserm
441 2049 610 2114 Versasser
626 2049 659 2112 in
673 2048 801 2112 keinem
815 2047 1000 2133 Gegensata
1018 2068 1076 2110 aur
1096 2045 1308 2130 Philosophie,

188 2147 328 2212 sondern
349 2149 421 2216 salit
442 2152 501 2215 mit
521 2152 572 2214 ihr
594 2155 805 2218 zusammen.“
843 2149 906 2215 Sed
928 2149 1007 2214 haec
1030 2149 1088 2212 etsi
1105 2170 1164 2233 per
1177 2170 1211 2211 se
1227 2147 1309 2211 falsa

187 2261 362 2335 nunaunt,
395 2262 503 2318 tamen
527 2254 569 2318 ad
597 2253 684 2318 illam
717 2252 757 2316 de
779 2273 844 2339 qua
863 2251 933 2316 dixi
953 2249 1178 2315 difficultatem
1201 2248 1310 2313 tollen-

189 2354 267 2419 dam
289 2355 419 2420 minime
438 2351 614 2422 sufficiunt.
658 2356 702 2419 Et
722 2355 807 2441 quod
829 2352 925 2440 paulo
948 2362 1025 2417 anie
1046 2350 1206 2436 exposuit,
1235 2371 1309 2414 cum

149 2468 154 2475 '
188 2466 311 2542 arguta
332 2459 420 2525 vocis
442 2447 592 2541 εὐσέβεια
622 2456 883 2543 interpretatione
904 2455 1024 2519 nodum
1045 2455 1092 2517 ita
1113 2452 1238 2518 solvere
1258 2474 1308 2517 co·

188 2566 334 2640 naretur,
356 2567 394 2622 ut
414 2557 536 2640 duas*)
559 2580 678 2644 easque
700 2557 845 2622 diversas
865 2557 958 2621 huius
976 2556 1065 2622 vocis
1086 2556 1230 2620 notiones
1247 2565 1310 2618 sta-

189 2669 308 2742 tueret,
341 2658 385 2742 id,
418 2660 503 2746 quod
526 2682 627 2746 neque
649 2670 739 2724 tanto
761 2658 880 2743 ingenii
901 2659 1048 2722 acumine
1069 2668 1190 2744 quanto
1211 2659 1308 2722 Fren-

190 2757 378 2826 deuthalius
399 2760 531 2826 confidit
553 2763 604 2827 Ps.
624 2761 783 2846 Josephus
804 2758 952 2826 floruisse
973 2759 1114 2849 videtur,
1135 2781 1238 2845 neque
1255 2758 1309 2822 ille

189 2861 280 2928 locus
300 2885 332 2950 p.
355 2862 480 2944 283,2i
503 2884 566 2949 quo
588 2863 681 2928 homo
700 2863 813 2928 doctus
827 2863 966 2927 maxime
983 2862 1109 2943 nititur,
1129 2862 1308 2951 genstiens

191 2963 305 3030 haberi
320 2974 435 3051 potest,
456 2965 550 3032 facile
568 2966 697 3034 corruit.
720 2967 837 3052 Itaque
854 2967 882 3029 si
900 2966 984 3030 hanc
1002 2976 1070 3028 rem
1089 2965 1207 3028 iterum
1228 2973 1309 3028 trac·

191 3077 316 3149 tavero,
345 3089 396 3131 me
418 3089 480 3132 non
503 3067 648 3132 inutilem
669 3090 760 3155 spero
782 3067 925 3133 laborem
948 3088 1016 3131 esse
1037 3077 1219 3152 capturum.
1262 3066 1310 3129 Ac

193 3167 299 3233 tribus
316 3169 517 3253 potissimum
532 3169 612 3235 locis
634 3171 786 3235 orationis
802 3169 1044 3234 considerandis
1062 3170 1208 3255 quaestio
1229 3168 1310 3232 diiu-

191 3271 296 3336 dicari
317 3280 439 3357 potest:
462 3294 494 3358 p.
516 3272 654 3352 tusto.
678 3297 707 3358 p.
731 3274 803 3353 274,
817 3272 866 3336 19.
888 3295 919 3357 p.
942 3271 1077 3379 ww*
1097 3271 1205 3335 Primo
1227 3269 1310 3332 enim

130 3371 134 3378 ’
188 3374 258 3439 loco
286 3384 318 3438 et
339 3395 390 3438 res
413 3373 572 3439 humanas
594 3375 715 3438 utiliter
744 3385 775 3438 et
796 3397 848 3439 res
868 3374 996 3439 divinas
1019 3371 1143 3437 excelse
1164 3371 1244 3456 legis
1264 3372 1311 3435 in·

191 3476 360 3541 stitutione
380 3498 437 3541 nos
459 3477 584 3542 discere
609 3475 802 3558 affirmatur,
835 3498 933 3563 quam
958 3498 1068 3541 rerum
1096 3474 1309 3539 humanarum

189 3577 441 3664 divinarumque
455 3580 669 3664 cognitionem
681 3579 871 3664 sapientiam
885 3572 1014 3664 (σοφία)
1025 3577 1193 3664 appellari.
1223 3576 1311 3640 Men·

406 3756 449 3764 -ι

279 3855 303 3921 ²¹¹)
322 3863 391 3912 Dicit
418 3865 485 3913 euim
511 3879 536 3926 p.
556 3869 588 3913 62
607 3868 650 3919 m:
689 3864 817 3927 „Hiermit
834 3866 869 3914 ist
888 3864 915 3913 in
934 3861 991 3914 dem
1009 3862 1105 3924 Bsgriii
1123 3862 1166 3913 der
1182 3850 1311 3926 εὐσέβεια

189 3952 270 4000 seibst
288 3951 332 3999 eiu
351 3952 519 4002 Untersohied
537 3960 639 4015 gesetzt,
658 3955 706 4003 den
724 3957 770 4002 wir
787 3967 828 4002 am
845 3955 933 4004 hasten
946 3953 1105 4014 bezeichnen,
1124 3953 1253 4000 wonnwir
1266 3952 1310 3998 das

190 4040 261 4088 Wort
285 4040 346 4089 bald
373 4043 421 4090 mit
438 4042 622 4101 Frimmigkeit
639 4043 698 4091 bald
716 4043 765 4091 mit
779 4042 899 4102 Religion
919 4043 1067 4091 iibersstzen
1086 4077 1091 4090 .
1111 4032 1263 4103 ,εὐσέβεια
1281 4038 1309 4084 in

188 4127 275 4186 ionem
287 4127 366 4177 Sioua
386 4131 421 4179 ist
439 4130 480 4179 die
494 4133 594 4180 Wurzei
608 4167 614 4179 .
628 4168 633 4178 .
647 4123 776 4196 εὐσέβεια
793 4131 820 4178 in
839 4129 933 4178 diesem
954 4129 995 4177 die
1015 4130 1115 4191 Bliitho,
1134 4131 1250 4190 Religion
1269 4128 1311 4179 die

195 4215 299 4282 Mutter,
318 4217 499 4280 Frtmmigireit
518 4220 559 4270 die
577 4221 714 4271 Schwesier
732 4219 776 4268 der
793 4216 1063 4279 Kardioaitugendeu.“
