3000 4876
162 572 191 636 p.
209 547 282 630 273,
303 550 341 610 12
363 547 405 612 ad
424 547 603 634 improbam
626 547 824 612 effectionem
846 546 974 612 transiit
998 546 1111 613 iisdem
1133 542 1200 613 l‘ere

71 650 187 717 verbis
203 672 279 714 usus
298 662 392 737 atque
411 661 523 735 postea
541 653 588 734 (p.
605 650 676 729 274,
693 649 726 712 ini
748 672 822 713 cum
840 649 880 713 de
896 651 946 712 ira
964 650 1069 716 dicere
1086 650 1199 716 vellet:

142 761 253 856 ὥσπερ
267 767 322 834 καὶ
337 773 402 833 τῶν
417 769 604 833 atelenensis
619 771 675 859 τῆς
689 764 897 857 δικαιοσύνης
906 774 1029 836 παθῶν
1040 796 1078 830 =
1089 761 1200 858 ἅσπερ

205 870 260 937 καὶ
286 867 341 937 τὸν
363 866 480 954 θυμόν.
647 866 654 875 ’

163 975 235 1042 Hoc
257 976 357 1062 igitur
381 975 459 1055 loco,
481 985 636 1060 utsupra
659 974 723 1038 iam
744 975 962 1063 exposuimus,
985 977 1125 1062 primum
1148 980 1199 1041 ea·

74 1102 152 1145 rum
173 1077 472 1166 perturbationum,
501 1098 584 1164 quae
607 1077 648 1141 ad
671 1099 789 1162 corpus
810 1078 984 1164 pertinent,
1012 1080 1200 1146 voracitatis

73 1194 109 1248 et
130 1182 337 1247 temulentiae
366 1180 510 1246 breviter
538 1181 730 1246 mentionem
758 1181 843 1248 fecit.
884 1181 1009 1247 Deinde
1029 1190 1200 1268 postquam

74 1285 299 1365 deevaritia,
334 1283 405 1347 aliis
434 1282 588 1347 eiusmodi
618 1282 706 1348 vitiis
735 1281 904 1365 disseruit,
938 1283 1036 1347 etiam
1065 1284 1201 1348 nimium

75 1408 220 1452 amorem
243 1392 415 1472 parentum
438 1383 626 1466 liberorum,
651 1385 773 1466 uxoris,
796 1384 982 1467 amicorum,
1002 1385 1080 1471 quin
1104 1386 1226 1453 etiam.

74 1488 235 1555 invidiam
257 1486 318 1551 sub
344 1486 477 1550 rationis
500 1487 632 1572 imperio
664 1508 732 1550 esse
753 1484 993 1553 demonstravit.
1037 1486 1092 1551 De‘
1108 1486 1200 1551 forti-

75 1590 192 1656 tudine
206 1611 294 1670 ver0,
311 1610 507 1676 quamquam
525 1590 685 1675 expressis
703 1588 809 1654 verbis
828 1588 886 1655 hoc
901 1591 1008 1675 capite
1025 1613 1087 1655 non
1105 1592 1200 1675 dixit,

74 1705 186 1759 tamen
204 1693 295 1773 iram,
316 1713 413 1778 quam
433 1691 507 1757 huic
526 1691 641 1757 virtuti
661 1692 840 1776 oppositam
861 1713 929 1755 esse
943 1700 1039 1758 antea
1061 1715 1197 1758 comme-

74 1803 274 1876 moraverat,
296 1793 434 1879 opprimi
454 1815 547 1879 posse
567 1792 714 1856 ostendit.
763 1792 876 1879 Neque
897 1791 1008 1858 dubito
1037 1797 1114 1881 quin
1137 1819 1199 1861 me·

78 1908 163 1978 tum,
195 1896 252 1982 qui
268 1896 409 1958 maxime
430 1894 612 1959 fortitudini
634 1893 860 1979 impedimento
883 1905 941 1975 est,
978 1895 1017 1959 de
1040 1898 1199 1961 industria

78 1997 232 2064 hocloco
254 1998 404 2079 omiserit,
426 1999 504 2082 quia
524 1994 621 2082 paulo
644 2008 716 2081 post
737 1997 769 2058 in
797 1996 976 2078 ,historia,“
1009 2021 1094 2086 quae
1115 2022 1199 2065 sum-

77 2121 166 2165 mam
187 2100 342 2165 orationis
356 2098 589 2185 complectitur,
608 2099 647 2162 de
664 2099 724 2162 hac
741 2097 986 2184 perturbatione
1003 2102 1104 2166 animi
1121 2103 1199 2167 satis

75 2203 182 2267 multa
206 2201 307 2268 verba
328 2201 420 2267 fiunt.
462 2203 498 2267 ln
520 2199 583 2263 fine
608 2208 717 2264 autem
748 2202 1037 2285 argumentationis
1066 2204 1198 2267 rationis

76 2305 251 2393 imperium
273 2304 315 2369 ab
339 2304 406 2390 ipso
431 2303 490 2367 deo
512 2302 696 2367 institutum
719 2324 785 2366 esse
807 2303 883 2366 satis
905 2311 980 2390 apte
1001 2302 1197 2372 declaratur.

129 2456 132 2461 -
163 2406 301 2494 Reliqua
323 2427 410 2487 vero,
432 2427 515 2492 quae
538 2404 596 2468 hoc
618 2405 723 2491 capite
745 2415 937 2487 tractantur,
964 2428 1039 2471 cum
1062 2408 1199 2493 aFreu·

44 2568 49 2575 .
73 2509 244 2576 deuthalio
264 2531 380 2594 parum
396 2507 537 2572 dilucide
560 2506 755 2584 „Contrarii“
781 2509 908 2572 nomine
928 2518 1044 2572 ornata
1064 2509 1138 2592 sint,
1161 2531 1199 2574 ea

72 2621 210 2701 praeter
233 2611 416 2697 exemplum
438 2610 477 2674 de
499 2611 552 2673 siti
571 2609 657 2694 regis
681 2609 790 2675 David
812 2608 897 2695 quod
919 2610 962 2674 ad
983 2614 1079 2677 tolum
1100 2631 1195 2697 atqie·

69 2714 296 2782 mandationem
317 2714 464 2799 pertinet,
497 2712 823 2795 circumscriptionem
845 2710 896 2777 vel
918 2712 1190 2778 circumcisionem

166 2834 262 2900 ασμόν
281 2838 343 2886 satis
362 2837 450 2895 elucet,
479 2851 493 2882 a
511 2849 549 2884 me
567 2838 701 2896 impetrare
720 2848 768 2882 uon
785 2849 895 2895 possum,
925 2841 953 2884 ut
970 2836 995 2885 ei
1012 2842 1063 2885 tam
1081 2836 1198 2898 pudieam

166 2926 336 2973 elocutionem
355 2924 479 2980 tribuam
507 2924 710 2982 interpolatorem
731 2924 806 2984 enim,
834 2928 861 2970 ut
879 2923 1004 2986 quemodo
1025 2917 1121 2986 ψυχῆς
1140 2917 1198 2972 ἑπι-

165 3007 274 3074 saulae
292 3024 348 3060 oum
371 3014 487 3072 sequenti
506 3013 635 3059 arruntiato
660 3009 818 3070 cohaereant,
843 3010 970 3071 ostendat,
996 3011 1042 3057 iiis
1060 3012 1197 3061 inseruisse

165 3103 287 3148 maiorem
305 3098 558 3148 verisimilitudinem
584 3100 665 3147 habet.
703 3099 833 3147 Praeterea
851 3113 865 3145 a
885 3101 937 3146 viro
956 3098 1029 3148 docto
1053 3099 1125 3147 valde
1144 3100 1197 3148 dis·

164 3200 245 3249 crepo,
265 3188 309 3246 qui
329 3187 377 3235 etsi
395 3187 470 3245 vulgo
490 3187 609 3232 voeabula
629 3181 707 3249 ψυχή
720 3192 744 3232 ot
756 3179 837 3248 σῶμα
856 3185 984 3247 distingui
1002 3188 1089 3246 soient,
1114 3193 1197 3235 tamen

164 3276 212 3323 iroc
231 3277 285 3321 ioco
306 3280 436 3337 utrumqne
455 3277 556 3321 verbnm
574 3290 620 3336 pro
639 3276 727 3323 eodem
745 3276 858 3336 aeeipere
878 3288 927 3322 uon
941 3274 1104 3324 dubitaverit.
1127 3277 1196 3324 Nou-

166 3362 248 3409 nullis
277 3365 344 3408 enim
372 3343 495 3425 exemplis
521 3363 613 3420 allatis,
644 3365 735 3423 quibus
753 3364 888 3424 explanare
906 3363 1011 3424 studuit,
1041 3366 1152 3425 corporis
1172 3372 1196 3415 et

164 3451 245 3497 animi
273 3451 394 3498 libidines
423 3455 522 3512 saepius
550 3451 677 3509 ttiriifiindl,
706 3451 748 3496 iric
773 3462 871 3511 quoque
890 3442 987 3514 ψυχῆς
1004 3463 1048 3511 pro
1067 3445 1196 3513 σώματος

164 3537 306 3586 adhibitum
321 3554 375 3586 esse
388 3538 558 3587 Frendentirel
570 3540 712 3588 aldrrnavit.
741 3539 812 3588 Dicit
829 3544 914 3588 erstem
931 3553 958 3600 p.
973 3541 1018 3587 sl:
1039 3539 1072 3587 So
1090 3542 1197 3589 umlesst

163 3627 283 3675 zrrweiien
303 3620 352 3690 τῆς
370 3620 467 3690 ψυχῆς
486 3620 639 3689 ἐπιθυμίαι
653 3628 715 3674 auch
728 3626 885 3687 lidrperlioire
897 3626 1037 3687 Begierden
1053 3627 1103 3674 und
1117 3625 1197 3691 ψυχή

165 3716 201 3762 ist
225 3717 262 3762 oft
289 3728 372 3773 aenng
395 3717 457 3760 auch
484 3717 511 3760 in
529 3715 571 3762 der
588 3717 675 3763 beaten
693 3714 772 3763 Prusa
790 3715 833 3763 der
852 3714 989 3763 tilerisehe
1007 3715 1092 3764 Trieb.
1128 3717 1196 3764 Haec

162 3802 386 3851 Fraudentiraiius.
415 3801 484 3860 Quae
505 3816 563 3849 num
584 3816 640 3848 vera
659 3803 712 3850 sint
730 3803 825 3862 nescio,
845 3803 908 3850 mihi
927 3802 1029 3859 quidam
1042 3816 1090 3850 non
1104 3804 1195 3851 viden-

162 3899 213 3941 tur.
243 3890 322 3939 Credo
341 3894 408 3939 euim
426 3905 459 3939 ex
476 3891 518 3952 iis,
537 3904 598 3953 quos
617 3891 662 3938 ille
678 3892 764 3939 attulit
776 3893 848 3952 locis,
865 3891 930 3938 nihil
941 3891 1011 3939 eliud
1022 3892 1109 3951 colligi
1121 3906 1195 3954 posse

163 3992 239 4039 qnam
267 3980 331 4027 litter
356 3986 488 4039 utrumqne
514 3978 661 4038 cupiditatis
685 3992 763 4036 genus
791 3978 894 4026 haudita
920 3992 1036 4038 magnum
1060 3979 1195 4028 discrimen

146 4067 327 4116 intercedere.
357 4068 405 4115 ilerd
426 4072 543 4127 quoidam
562 4069 616 4128 ipse
635 4067 676 4116 Ps.
689 4068 815 4128 Joeeplue
833 4080 856 4128 pv
878 4070 937 4126 Μ,
949 4070 982 4114 ‘lii
1000 4069 1049 4116 tila
1066 4069 1195 4117 vocabulo

163 4158 286 4214 caprensis
303 4156 387 4204 vernn
406 4156 534 4210 distinxit.
550 4155 609 4216 fleri
627 4169 683 4202 oon
700 4160 787 4214 potest,
807 4160 837 4203 ut
852 4158 931 4218 paulo
949 4160 1015 4218 poet,
1035 4171 1093 4203 eum
1111 4160 1195 4205 altera

161 4244 196 4295 ,de
216 4260 242 4292 re
261 4261 336 4308 opere
354 4247 437 4305 veliet,
457 4247 564 4293 ulterius
583 4247 659 4305 perosi
677 4247 784 4294 titulum
800 4247 972 4307 praemiserit.

953 4334 991 4395 3*
