3000 4876
150 482 263 567 'apud
285 480 430 545 Iasonem
450 478 632 565 legebatur)
655 477 771 541 mirum
793 487 850 557 est,
872 477 958 562 quod
978 486 1088 561 postea
1111 477 1201 543 velut
1219 463 1299 542 deus

176 608 217 649 ex
249 583 398 648 machina
419 582 598 646 Antiochus
629 580 783 663 infertur,
818 601 913 666 quem
942 581 993 647 Ps.
1020 580 1177 666 Iosephus
1207 580 1299 645 haud

175 689 350 771 irreptant
372 685 421 750 vis
442 683 596 748 orationis
618 693 805 767 augeretur,
843 682 1052 769 aspicientem
1072 682 1156 750 lecit.
1202 683 1300 747 Prae-

177 798 265 853 terea
288 798 415 852 tantum
438 787 539 868 abest,
572 796 609 851 ut
630 787 690 850 hac
713 785 945 871 suppliciorum
967 785 1152 852 narratione
1174 787 1293 851 omissa

176 893 208 954 in
230 890 332 954 altero
355 887 625 954 Maccahaeorum
647 888 729 953 libro
762 889 880 955 lacuna
912 897 1083 972 nascatur,
1118 898 1155 954 ut
1185 889 1299 954 melior

176 993 272 1056 etiam
293 992 523 1056 sententiarum
545 1013 686 1056 conexus
706 990 775 1059 fiat.
812 990 1018 1077 Superfluum
1040 992 1124 1056 enim
1146 1002 1218 1057 erat
1240 991 1300 1056 illa

176 1093 334 1179 supplicia
355 1114 526 1174 enarrare,
553 1115 628 1158 cum
650 1093 715 1157 iam
739 1104 836 1158 antea
860 1094 901 1158 de
927 1092 1122 1160 Iudaeorum
1149 1117 1300 1181 persecu·

177 1196 261 1260 tione
283 1196 361 1259 satis
383 1195 504 1260 dictum
525 1194 705 1281 multosque
734 1205 771 1259 ut
792 1194 991 1260 Sabbathem
1013 1195 1236 1279 celebrarent,
1265 1197 1300 1261 iu

176 1309 296 1363 montes
318 1299 437 1384 fugisse
460 1308 742 1363 commemoratum
764 1308 854 1364 esset.
907 1299 1002 1378 Quae
1022 1300 1049 1363 si
1076 1310 1163 1366 recte
1189 1298 1302 1384 dispu-

177 1411 246 1464 tata
267 1410 358 1482 sunt,
387 1422 449 1465 uon
478 1403 570 1467 modo
598 1403 751 1467 orationis
771 1404 1005 1487 praestantiam
1032 1403 1255 1491 philosophiae
1278 1428 1299 1468 a

176 1502 426 1568 Frendenthalio
442 1505 574 1568 nimium
593 1527 660 1569 esse
678 1515 817 1587 auctam,
839 1505 895 1570 sed
917 1506 1014 1570 etiam
1033 1504 1095 1569 fide
1112 1528 1183 1570 eam
1201 1506 1301 1574 histo·

176 1606 245 1669 rica
268 1624 397 1689 prorsus
420 1626 530 1671 carere
552 1608 630 1670 satis
652 1606 850 1672 intellectum
872 1616 960 1692 puto.
1043 1659 1058 1727 κ

561 1955 907 2045 lll’l'llllllll.

265 2127 390 2192 Iniuria
413 2138 449 2192 ut
470 2128 548 2193 mihi
570 2128 717 2209 videtur,
750 2124 1017 2192 Westcrmaunus
1048 2147 1121 2189 cum
1142 2124 1182 2188 de
1205 2122 1299 2188 codd.

177 2228 254 2293 bibl.
277 2228 360 2294 Paul
389 2230 476 2316 Lips.
498 2229 686 2310 dissereret,
715 2227 834 2292 librum
857 2250 914 2292 ms.
936 2229 992 2312 qui
1014 2248 1145 2290 numero
1170 2224 1232 2290 783
1253 2226 1299 2288 iu-

177 2332 348 2414 scribitur,
381 2343 510 2416 praeter
530 2340 653 2396 eeteros
674 2329 831 2395 laudavit,
869 2331 981 2415 Neque
1002 2330 1087 2394 euim
1108 2328 1150 2393 ad
1174 2327 1298 2393 bellum

177 2433 345 2499 Iudaicum
375 2434 604 2498 recensendum
634 2434 717 2498 hunc
747 2434 889 2498 codicem
919 2433 1034 2497 summi
1055 2434 1206 2496 momenti
1230 2456 1301 2498 esse

177 2543 263 2598 recte
284 2534 502 2600 iudicavit-
520 2537 651 2600 minoris
672 2537 755 2599 enim
778 2537 874 2620 pretii
896 2535 1056 2616 familiae,
1089 2543 1126 2600 ut
1149 2535 1300 2599 aNiesio

177 2637 357 2702 doctissimo
364 2636 590 2722 Marhurgensi
603 2637 764 2723 quondam
778 2636 955 2722 professore
968 2647 1167 2722 compertum
1179 2635 1298 2718 habeo,

177 2741 313 2806 attribui
347 2741 444 2806 debet
464 2776 504 2787 -
527 2763 630 2826 neque
661 2740 703 2804 ad
735 2741 786 2804 Ps.
815 2740 942 2825 Iosephi
964 2741 1140 2805 orationem
1164 2741 1197 2802 in
1218 2740 1300 2803 inte·

176 2867 272 2929 grum
286 2844 528 2924 restituendam,
550 2865 624 2907 cum
645 2843 745 2907 multo
768 2845 964 2929 antiquiores
987 2843 1086 2908 libros
1106 2843 1298 2910 Sinaitioum

177 2960 209 3010 ct
231 2945 489 3010 Alexandrinum
509 2945 697 3028 habeamus,
719 2945 854 3011 multum
874 2947 1048 3032 Lipsiensis
1068 2947 1163 3011 valet.
1201 2949 1297 3012 Prae·

180 3051 232 3114 bet
246 3058 352 3113 autem
364 3047 449 3133 quod
465 3071 616 3133 perverse
632 3047 898 3112 Westermannus
909 3058 1018 3131 negat,
1040 3048 1299 3133 antiquissimum

179 3176 191 3216 ι
212 3151 386 3236 subscripti
409 3150 602 3237 exemplum.
634 3150 857 3217 subscribitur
876 3144 962 3214 'enim
985 3175 996 3214 ι
1020 3173 1039 3214 a
1062 3150 1210 3215 manibus
1229 3151 1300 3216 AB

177 3255 338 3319 interdum
354 3259 383 3332 *l
406 3252 467 3318 suh
490 3251 593 3318 vocali
615 3277 643 3338 η,
675 3253 836 3317 interdum
859 3254 1017 3317 omittitur
1040 3252 1091 3318 vel
1114 3253 1300 3337 ascribitur,

177 3377 260 3442 quae
295 3355 423 3441 quidem
458 3354 640 3440 proprietas
677 3355 945 3420 Gardthausenii‘
966 3355 1084 3419 iudicio
1117 3356 1160 3420 ad
1194 3366 1300 3420 certas

177 3459 334 3545 quasdam
371 3457 580 3522 librariorum
609 3456 735 3522 scholas
769 3457 937 3521 referenda
975 3458 1044 3523 erit.
1096 3457 1164 3522 Nec
1194 3458 1300 3522 minus

179 3559 442 3625 Westermanuus
471 3559 610 3645 itemque
638 3559 835 3623 Fritzschius
866 3570 1076 3642 erraverunt,
1111 3581 1185 3624 cum
1199 3631 1202 3635 ,
1218 3560 1300 3625 satis

177 3662 386 3748 neglegenter
400 3660 562 3726 Fellerum
582 3662 612 3725 in
631 3661 714 3728 libro
733 3662 923 3728 conferendo
940 3674 1105 3728 versatum
1123 3651 1191 3728 esse
1212 3663 1299 3729 affir-

114 3762 119 3773 '
179 3775 314 3833 marent.
358 3764 501 3830 Tantum
535 3766 617 3829 enim
650 3765 758 3846 abest,
789 3776 825 3831 ut
853 3765 946 3830 homo
976 3765 1030 3830 ille
1059 3766 1173 3831 doetus
1201 3767 1300 3832 totius

179 3871 298 3937 codicis
326 3869 505 3957 scripturas
533 3868 670 3935 reddere
701 3869 858 3951 voluerit,
892 3880 928 3933 ut
956 3867 1035 3933 nihil
1057 3870 1118 3933 nisi
1144 3878 1299 3954 quartum

267 4085 289 4145 *ι
309 4087 344 4134 Cf.
366 4088 407 4133 fol.
428 4087 473 4134 oto
491 4078 666 4148 ἀνῃρημένων
685 4092 710 4132 er
728 4086 769 4131 sol.
789 4084 835 4130 sib
854 4079 1010 4148 supparus,
1031 4087 1073 4132 tol.
1094 4087 1140 4134 atta
1159 4076 1294 4148 ἀνῃρημέ-

178 4190 241 4241 νων,
265 4171 312 4224 rob
330 4168 506 4238 χαιεπῄναςς
530 4175 570 4219 tol.
591 4175 637 4220 :ltu
656 4164 760 4236 ἀνῄρει,
783 4170 830 4222 31¹>
849 4162 968 4235 α’νῄρητο
989 4179 1034 4219 etc.
