3000 4876
731 341 773 410 23

188 539 268 604 mihi
287 563 478 627 persuasum
499 543 655 629 habeam,
688 546 789 612 verba
817 545 872 610 ἵνα
901 539 1114 633 παράδειγμα
1137 522 1333 659 γενοίμεθ’

186 645 245 743 τῆς
260 639 487 731 μιαροφαγίας
503 654 542 710 ut
560 648 783 714 antecedentia
801 637 953 733 ἀσεβείας
969 643 1073 727 εῦπος
1094 650 1310 739 expliobntur,

187 746 389 832 glossematis
404 748 438 811 in
453 747 584 812 modum
602 751 742 836 margini
763 752 905 837 ascripta
926 751 1135 819 librariorum
1157 755 1255 841 eulpa
1276 758 1310 820 in

187 857 315 914 textum
334 850 512 936 irrepsisse.
549 848 677 930 Quibus
693 850 830 916 sublatis
852 874 910 938 pro
933 853 1146 922 coniunctivis
1169 849 1309 940 ἐπιβιώ-

187 971 296 1033 σιομον
328 952 435 1038 (eodd.
467 951 625 1037 praebent
660 948 895 1038 ἐπιβιώσομεν)
930 964 962 1019 et
996 960 1308 1043 καταφρονηθῶμεν,

186 1075 267 1140 quos
287 1076 362 1120 oum
384 1054 427 1119 ab
455 1053 510 1119 ἵνα
538 1056 678 1140 pendere
707 1057 912 1138 viderentur,
945 1056 1071 1122 librarii
1098 1060 1219 1124 iniuria
1242 1081 1310 1125 eor-

186 1165 359 1239 rexerunt,
389 1157 528 1242 optativi
548 1158 738 1222 restituendi
760 1168 844 1251 sunt,
863 1181 1011 1246 xquorum
1032 1183 1115 1225 unus
1137 1155 1308 1247 προασπί-

187 1277 304 1340 σαιμεν
324 1259 419 1346 quasi
439 1259 567 1344 signum
589 1258 844 1346 relinquebatur.
919 1296 922 1302 <

273 1359 412 1446 Septimo
427 1361 534 1446 eapite
552 1382 584 1445 p.
600 1360 672 1441 283,
690 1361 730 1423 22
746 1361 1017 1425 Fraudenthalius
1034 1360 1192 1425 librorum
1210 1362 1308 1447 serip-

185 1469 311 1526 turam:
333 1449 485 1526 ῦνενέασε
500 1463 549 1547 τῷ
565 1455 727 1544 πνεύματι
746 1455 802 1526 διὰ
819 1463 879 1526 τοῦ
895 1460 1054 1546 λογισμοῦ
1071 1483 1161 1527 mera
1182 1462 1309 1528 librari·

186 1585 280 1628 orum
296 1565 482 1629 coniectura
498 1573 610 1628 natam
624 1587 691 1629 esse
712 1565 835 1629 iudicat
852 1587 893 1628 ex
911 1553 1063 1629 ἇνενέασε
1079 1567 1128 1650 τῷ
1147 1560 1309 1648 πνεύμασι

184 1668 246 1730 σοῦ
266 1665 427 1750 λογισμοῦ
445 1671 494 1751 (er
526 1669 695 1753 verjiingto
724 1667 794 1732 sich
824 1667 928 1731 durch
958 1667 1010 1732 die
1030 1666 1130 1731 Kraft
1151 1669 1208 1732 der
1229 1669 1310 1733 Ver·

185 1768 303 1849 nunft).
348 1768 442 1848 Quae
464 1770 524 1834 etsi
546 1771 707 1854 ingeniose
730 1769 915 1852 excogitata
938 1779 1023 1849 sunt,
1049 1777 1156 1832 tamen
1178 1777 1309 1855 propter

185 1870 384 1956 singularem
401 1873 489 1938 voois
506 1874 634 1953 πνεῦμα
648 1873 809 1935 notionem
829 1869 908 1933 mihi
925 1893 988 1934 non
1004 1869 1193 1955 probantur.
1217 1871 1307 1935 Nihil

185 1985 295 2039 autem
316 1975 350 2038 in
372 1984 439 2039 tam
459 1984 613 2059 corrupta
635 1973 779 2038 oratione
800 1971 918 2054 obstat,
947 1973 1116 2058 quominus
1138 1970 1240 2038 verba
1260 1973 1309 2058 τῷ

184 2069 348 2158 πνεύμασι
378 2097 398 2140 a
427 2075 617 2142 Christianis
646 2074 760 2138 addita
788 2095 856 2137 esse
878 2094 1073 2157 censeamus,
1102 2082 1222 2142 utnon
1243 2084 1309 2138 tam

186 2180 312 2243 ratione
333 2178 389 2242 sed
411 2177 529 2262 spatula
550 2179 658 2242 saneto
677 2174 766 2238 -id
788 2175 872 2239 enim
893 2176 1022 2256 πνεῦμα
1050 2175 1083 2238 in
1106 2197 1189 2242 novo
1211 2183 1309 2240 testa-

185 2288 292 2345 mento
315 2278 499 2364 significare
519 2277 609 2360 solet,
646 2277 841 2342 Eleazarum
861 2277 1018 2343 iuveniles
1040 2277 1127 2343 vires
1148 2277 1308 2363 accepisse

186 2380 358 2446 iudicetur.

271 2482 350 2568 Oap.
368 2480 428 2546 IX.
451 2504 482 2567 p.
501 2480 574 2563 286,
597 2480 638 2545 30
665 2477 723 2544 καὶ
744 2470 892 2561 ἐσόμεθα
912 2474 1005 2566 παρὰ
1032 2480 1109 2566 θεῷ
1134 2473 1168 2545 dl
1189 2469 1225 2545 ὃν
1246 2478 1308 2545 ,καὶ

186 2577 355 2666 πάσχομεν
368 2584 473 2648 omisit
487 2583 559 2664 sL;
582 2592 679 2648 reete.
702 2582 789 2646 Nam
811 2579 890 2646 haee
913 2582 946 2644 ni
967 2581 1063 2647 fallor
1084 2582 1183 2647 multo
1202 2584 1308 2668 aptius

188 2687 231 2752 ad
254 2686 513 2751 Christianorum
542 2685 703 2771 quendam
724 2683 985 2770 interpolatorem
1007 2706 1105 2771 quam
1130 2685 1172 2749 ad
1201 2695 1309 2750 auoto-

189 2809 258 2851 rem
279 2786 437 2851 Iudaeum
460 2786 652 2851 reseruntur.
684 2809 717 2871 p.
740 2786 809 2866 286,
834 2785 872 2850 31
905 2777 996 2872 ἡμῶν
1017 2797 1092 2850 ante
1111 2781 1308 2873 praeponier

126 2969 130 2974 ·
188 2889 717 2976 inqqureudenthaltp.159)
749 2889 892 2971 offendit,
923 2911 994 2953 mea
1015 2890 1173 2956 sententia
1195 2889 1308 2956 tollen·

190 2993 266 3056 dum
289 3002 345 3059 est.
382 2992 484 3057 Abest
506 2995 591 3058 enim
613 3017 633 3059 a
652 2994 721 3060 loeo
742 2994 816 3059 buio
833 2994 1008 3058 simillimo:
1035 2994 1156 3080 oapX
1189 3017 1220 3079 p.
1236 2995 1309 3075 289,
1397 3023 1401 3030 ·

188 3096 208 3161 8
238 3088 278 3159 σύ
307 3091 343 3158 δὲ
372 3089 429 3159 διὰ
456 3091 514 3183 τὴν
537 3086 691 3180 ἀσέβειαν
712 3096 769 3162 καὶ
796 3091 1056 3183 μιαιφονίαν
1085 3083 1310 3172 ἆκασαλῦσους

189 3190 398 3283 καρτερήσεις
418 3192 588 3282 βασάνους.
611 3200 787 3266 Undecimo
808 3199 916 3285 capito
938 3222 968 3284 p.
988 3199 1062 3280 290,
1081 3199 1100 3262 5
1122 3196 1226 3262 verba
1248 3190 1306 3283 δή·
1333 3245 1336 3250 -

190 3319 304 3375 σαντες
331 3286 431 3363 adadu
457 3299 584 3364 librarii
613 3323 722 3366 erroro
753 3323 795 3365 ex
823 3299 968 3386 sequenti
990 3321 1087 3366 versu
1114 3299 1179 3363 huo
1208 3308 1311 3363 trans·

189 3399 257 3465 lata
280 3401 432 3466 videntur
455 3424 531 3470 asse.

253 3501 333 3587 (lap.
349 3502 426 3568 XII.
448 3525 481 3587 p.
502 3503 575 3581 291,
597 3501 639 3566 23
660 3492 705 3577 ὡς
727 3498 862 3587 ἐροῦμεν
882 3492 1000 3585 μικρὸν
1022 3489 1166 3586 ῦσεερον.

276 3602 371 3682 Quae
400 3602 502 3669 verba
523 3604 709 3686 Daebnius,
744 3613 781 3668 ut
807 3604 865 3667 illa
895 3604 1033 3688 (spuria)
1064 3603 1178 3666 matris
1207 3602 1310 3667 oratio

191 3727 262 3791 oap.
281 3705 411 3773 XVIII.
431 3729 462 3791 p.
480 3705 564 3786 302,
593 3705 614 3770 3
634 3705 936 3790 praenuntiaretur,
967 3704 1094 3769 adieota
1115 3725 1183 3767 esse
1205 3704 1313 3767 existi·

190 3808 303 3884 mavit.
347 3805 468 3871 Contra
497 3827 591 3893 quem
613 3805 790 3871 Grimmius
821 3805 999 3870 orationem
1028 3807 1217 3891 promissam
1246 3806 1312 3868 iam

191 3931 262 3994 oap.
292 3907 385 3973 XVI.
422 3931 453 3993 p.
485 3908 558 3990 299,
589 3910 608 3973 9
637 3917 769 3972 exstare
806 3907 1045 3975 animadvertit.
1105 3907 1312 3994 Quamquam
1338 3963 1343 3970 .

192 4032 265 4076 aum
281 4009 350 4076 looo
369 4015 453 4096 (esp.
471 4010 553 4091 XII)
570 4010 610 4074 de
628 4032 689 4096 quo
713 4010 823 4095 agitur
844 4019 980 4075 matrem
1003 4018 1074 4076 eum
1094 4010 1175 4093 (soil.
1194 4018 1313 4095 postro-

193 4135 280 4178 mum
302 4112 418 4193 filium)
447 4114 559 4199 lingua
580 4112 736 4202 hebraica
758 4113 962 4178 admonuisse
982 4101 1320 4227 ssaffffiillilsslfi

193 4212 329 4302 ἐροῦμεν
347 4207 464 4302 μικρὸν
483 4205 617 4302 ῦσσερον
637 4238 741 4302 neque
761 4215 803 4280 ad
826 4223 954 4279 sextum
975 4215 1136 4281 decimum
1137 4223 1316 4302 ,mavum

193 4327 293 4411 eaput
313 4318 393 4382 satis
414 4318 566 4409 quadrat,
588 4316 644 4382 ubi
667 4320 769 4397 mater
792 4339 898 4386 omues
919 4317 1002 4431 filiqs
1023 4316 1209 4404 alloquitur.
1243 4315 1311 4380 Ita·

1325 4125 1487 4239 msam}
