3000 4876
654 277 697 346 15

567 370 769 381 --......

108 476 166 545 καὶ
200 463 296 558 οὗτος
326 466 560 566 ἆποδπήοκειν
592 475 728 561 μέλλων.
781 480 986 567 Quamquam
1020 506 1080 549 non
1113 482 1230 551 desunt

107 581 180 665 loei,
200 581 319 670 quibus
340 581 560 664 nihilomiuus,
581 603 679 670 quam
695 581 853 646 familiam
874 586 965 671 sequi
984 585 1170 670 debeamus,
1197 588 1230 652 iu

108 684 208 750 dubio
229 694 404 750 remaneat
447 684 627 765 Quaeritur
659 688 743 751 enim
773 697 882 753 utrum
904 710 974 774 cap.
993 688 1042 754 VI
1063 713 1094 777 p.
1113 691 1230 772 281,13

108 809 183 853 eum
204 789 257 853 Su
278 788 485 863 scribendum
506 789 564 853 sit:
589 786 646 854 καί
669 781 687 854 ὃ
709 783 882 874 ἐλεοίζαρος
904 779 1015 877 ὥσπερ
1037 784 1230 879 πικρότερον

108 885 165 955 διὰ
192 892 250 978 τῆς
283 886 484 975 συμβουλίας
511 886 679 970 αἰκισθεὶς
708 881 861 980 ἀνεβόησε
884 915 925 958 an
954 893 988 958 id
1016 894 1102 980 quod
1129 895 1229 981 vulgo

107 993 227 1080 legitur
258 995 389 1059 retineri
420 993 534 1079 possit:
566 985 583 1060 ὁ
614 992 650 1059 δὲ
680 986 725 1072 ὡς
752 988 947 1081 πικρότερον
977 990 1145 1073 αἰκισθείς
1173 990 1229 1062 διό

106 1098 166 1212 τῆς
186 1091 388 1181 συμβουλίας
407 1091 522 1182 ἔκραζε
543 1092 656 1182 λέγων.
680 1100 747 1164 Νοο
765 1099 869 1163 minus
892 1099 1050 1164 incertum
1072 1109 1129 1182 est,
1151 1122 1229 1165 num

106 1199 205 1287 paulu
235 1210 311 1266 ante
338 1224 369 1287 p.
389 1200 484 1282 281‚3
505 1199 707 1265 Fritzsehius
736 1201 807 1265 iure
835 1199 1003 1287 vulgatam
1035 1201 1235 1287 scripturam,

107 1302 348 1389 repudiaverit:
372 1299 429 1365 καί
451 1293 497 1379 ὡς
519 1304 666 1385 γενναῖος
693 1290 841 1388 ἀθλητὴς
863 1293 880 1366 ὁ
900 1299 1003 1388 γέρων
1031 1296 1124 1367 ἐνίκα
1152 1298 1231 1381 τους

106 1397 352 1486 βασανίζοντας,
391 1426 466 1470 eum
496 1403 598 1468 altera
619 1403 747 1468 familia¹
764 1404 799 1484 (S
812 1426 833 1467 α
845 1403 885 1486 L)
907 1406 995 1469 nisus
1022 1405 1229 1471 scribendum

107 1507 322 1572 existimaret:
341 1504 399 1573 aui
418 1500 574 1593 καθάπερ
592 1510 739 1592 γενναῖος
757 1495 905 1593 ἀθλητὴς
920 1500 1121 1590 τυπτόμενος
1138 1503 1229 1574 ἐνίκα

107 1602 186 1687 τούς
205 1605 444 1694 βασανίζοντας
466 1602 484 1677 ὁ
507 1609 620 1697 γέρων.

190 1730 301 1818 Atque
329 1730 412 1798 haee
440 1733 586 1819 quaestio
621 1752 684 1795 non
706 1731 797 1816 prius
827 1729 870 1793 ad
899 1727 996 1794 finem
1023 1727 1229 1814 perducetur,

107 1852 207 1917 quam
236 1842 269 1897 et
298 1833 407 1920 plures
436 1855 534 1921 quam
563 1856 650 1900 nune
679 1831 837 1898 habemus
866 1830 1022 1896 librorum
1045 1830 1230 1896 collationes

108 1933 141 1995 in
156 1934 295 2000 medium
317 1936 462 2022 prolatae
491 1946 522 2002 et
543 1936 567 2000 ii
588 1935 717 2001 codices
738 1935 856 2022 quibus
878 1934 1128 2020 Havercampus
1149 1957 1228 2000 usus

107 2044 156 2100 est
185 2039 373 2104 aeeuratius
403 2041 531 2105 exeussi
559 2041 688 2105 fuerint.
731 2039 816 2102 Tum
846 2039 974 2103 demum
1003 2037 1074 2103 fieri
1102 2039 1229 2124 poterit,

109 2148 147 2203 ut
167 2141 325 2226 quomodo
346 2142 552 2229 corruptelae
568 2152 665 2207 natae
683 2143 758 2224 sint,
776 2142 871 2206 certis
887 2142 1087 2227 argumentis
1103 2143 1230 2207 demon·

110 2252 259 2326 strumus,
280 2244 314 2309 id
336 2245 423 2331 quod
445 2267 530 2310 nune
552 2267 594 2309 ex
615 2243 750 2330 singulis
772 2244 927 2330 exemplis
936 2245 967 2326 *i
990 2244 1139 2309 divinare
1161 2255 1229 2308 tau·

107 2354 177 2410 tum
201 2355 300 2434 atque
322 2348 468 2412 ‘conicere
490 2346 573 2414 lieet.
617 2348 731 2433 Neque
753 2368 827 2412 eum
848 2347 1001 2411 orationis
1022 2344 1100 2410 libri
1121 2355 1228 2411 aetate

106 2448 153 2513 ita
175 2438 259 2515 inter
290 2471 324 2514 se
346 2449 508 2532 differant,
542 2459 579 2514 ut
607 2449 731 2514 codices
761 2448 939 2514 habeamus
961 2448 1069 2513 multis
1091 2447 1228 2513 saeculis

109 2560 182 2635 post
197 2550 386 2617 Sinaitieum
409 2561 573 2634 exaratos,
595 2573 727 2617 eausam
742 2551 912 2638 perspicio,
933 2574 991 2618 aur
1013 2551 1228 2638 corruptionis

110 2673 299 2738 progressus
319 2655 470 2742 eognosei
483 2677 547 2721 non
567 2655 632 2718 iam
654 2655 762 2740 possit.
797 2653 946 2720 Editores
965 2654 1094 2740 quidem
1110 2652 1228 2739 quibus

192 2958 219 3017 *i
233 2961 268 3008 ei.
287 2962 354 3012 hune
372 2963 443 3012 tertii
461 2963 554 3024 eapitis
572 2964 654 3010 lecum
674 2975 699 3022 p.
713 2961 791 3018 ²732?
810 2972 860 3019 que
880 2964 907 3005 ut
925 2955 1093 3005 Fraudeuthai
1112 2955 1225 3002 declare-

106 3047 142 3093 vit
161 3049 195 3109 (p.
214 3049 258 3110 51)
278 3051 304 3098 iu
322 3051 457 3115 archetypo
476 3057 546 3102 eret:
566 3041 609 3100 ὅτι
636 3044 750 3117 διανοίᾳ
768 3040 972 3112 κοριικροίτηδο.
1011 3045 1117 3106 irrepsit
1135 3043 1228 3091 deiude

104 3134 228 3193 glossema
246 3128 288 3202 τῷ
305 3130 432 3202 λογισμῷ
451 3146 478 3188 ut
502 3153 534 3188 ex
559 3137 727 3186 Alexandrini
758 3138 883 3196 scriptura
908 3134 1073 3193 cognoscitur.
1122 3131 1230 3179 Praebet

105 3224 173 3270 euim
193 3237 229 3277 a:
251 3215 295 3274 ὅτι
315 3219 354 3290 τῷ
372 3218 498 3292 λογισμῷ
518 3220 631 3293 διανοίᾳ
649 3215 855 3289 reperiebatque.
883 3219 937 3279 Qua
956 3234 988 3267 ex
1001 3221 1110 3269 lectione
1130 3224 1228 3280 recepte

107 3315 165 3358 natu
183 3317 234 3360 est:

191 3385 234 3448 ὅτι
253 3393 289 3465 τῷ
308 3393 440 3467 λογισμῷ
457 3397 505 3449 καί
524 3392 556 3465 τῇ
575 3393 688 3468 διανοίᾳ
701 3392 895 3463 septuagesimae
912 3395 1006 3445 Eodem
1020 3396 1093 3444 mode
1106 3395 1133 3442 ui
1152 3396 1227 3442 fallor

104 3498 142 3534 res
170 3499 196 3533 se
219 3487 293 3536 habet
316 3501 369 3552 cap.
386 3489 422 3535 lv
449 3502 473 3549 p.
492 3490 604 3549 mit,
624 3489 667 3534 ubi
696 3487 723 3534 iu
742 3487 875 3548 archetypo
899 3487 979 3534 fuisse
1004 3484 1123 3533 ridetur:
1158 3473 1227 3547 οίνήρ

104 3565 279 3640 ὑπερήφανος
305 3590 369 3639 quae
394 3575 497 3637 quidem
529 3576 603 3625 lectio
629 3576 657 3622 in
683 3587 703 3622 α
726 3573 878 3633 glossemate
904 3569 996 3630 δεινός
1022 3572 1160 3619 deformata
1178 3579 1224 3619 est.

103 3655 243 3730 αευίνήρ
269 3651 447 3729 ὑπερήφανος
474 3657 550 3720 δινδς
578 3663 689 3711 Exhibet
715 3667 798 3710 autem
819 3663 855 3709 L:
880 3653 949 3727 ἀνήρ
976 3651 1155 3725 ὑπερήφανος
1180 3653 1227 3706 καὶ

104 3746 196 3810 δεινός
222 3753 289 3814 quod
307 3752 444 3802 deteriores
472 3753 532 3801 libri
551 3755 588 3802 ita
606 3757 818 3812 murmurarunt
840 3753 915 3810 vulgo
934 3751 1044 3809 legatur:
1064 3740 1134 3811 α’νήρ
1159 3740 1228 3794 κάν·

103 3835 191 3897 δεινος
211 3838 259 3890 καὶ
279 3832 467 3906 όκιρήφανος.
506 3842 561 3888 flue
580 3854 679 3904 quoque
704 3845 801 3900 spectet
821 3846 850 3886 ut
868 3840 958 3899 opinor
984 3839 1053 3886 locus
1079 3849 1132 3896 ουρ,
1152 3834 1227 3881 XVII

104 3941 129 3988 p.
147 3930 241 3993 301,12
259 3931 343 3978 arehet
357 3950 388 3973 =
402 3925 450 3978 διαὶ
470 3923 520 3980 τοῦ
538 3923 660 3994 αἵματος
687 3924 735 3977 καὶ
760 3918 811 3977 τοῦ
830 3919 992 3991 ίλιισιηρίοο
1013 3915 1104 3974 αὑτοῖν
1123 3922 1227 3981 Legitur

104 4022 185 4065 eutem
210 4020 237 4066 iu
263 4032 298 4069 a:
326 4014 374 4066 διιὶ
402 4012 451 4066 τοῦ
478 4012 600 4081 αἵματος
627 4013 674 4066 καί
703 4010 753 4066 τοὺ
778 4008 941 4079 tremelus
963 4006 1114 4079 [ausuros]
1136 4001 1227 4060 αὐτῶν

106 4119 162 4153 eum
188 4111 286 4169 recepta
311 4107 444 4156 articulum
470 4099 520 4156 rosi
541 4107 644 4156 artiteiat.
683 4107 803 4166 tulga:
819 4096 867 4151 διοὶ
888 4097 938 4151 τοῦ
957 4096 1078 4165 αἵματος
1104 4095 1151 4150 καὶ
1177 4091 1226 4146 τοῦ

112 4185 271 4260 ίλαοιηρίον
291 4188 340 4244 τοῦ
358 4190 488 4246 θανάτου
508 4186 607 4245 αὐτῶν.
