3000 4876
727 332 770 400 19

348 464 452 529 aarum
551 480 555 487 '

185 532 326 598 evadere
343 533 480 598 mecm?
511 534 603 600 Haec
617 535 718 621 igitur
738 536 843 599 omnia
863 534 1105 602 Fraudenthalii
1126 529 1303 600 sententiae

133 649 136 653 '
184 644 377 720 repugnant.
418 635 621 721 Argumenta
641 646 765 718 autem,
799 658 883 724 quae
914 657 935 700 a
955 638 1026 704 viro
1048 637 1158 719 docto,
1186 647 1224 702 ut
1254 659 1308 703 eos

184 735 228 801 de
252 736 372 823 quibus
401 739 511 823 agitur
532 738 685 824 prooemii
706 736 791 802 locos
820 748 985 824 suspectos
1006 738 1145 822 faceret,
1178 738 1308 826 prolata

186 847 274 921 sunt,
294 860 424 904 cacum
442 838 535 903 nimis
559 848 678 924 arguta
699 838 886 924 excogitata
903 839 978 921 sint,
998 839 1093 905 facile
1113 840 1307 906 refutantur.

184 939 235 1005 Ac
266 940 406 1026 primum
435 940 564 1027 quidem
593 962 711 1026 parum
732 941 907 1026 perspicio,
944 943 1023 1028 quid
1050 945 1084 1008 in
1112 943 1222 1008 verbis
1249 940 1308 1008 καὶ

184 1034 293 1120 ἄλλως
308 1046 367 1131 τῆς
378 1039 533 1130 μεγίστης
548 1032 663 1130 ἀρετῆς
679 1041 763 1127 λέγω
785 1037 827 1151 δὴ
843 1037 1031 1151 φρονήσεως
1047 1041 1192 1130 περιέχει
1209 1040 1308 1110 ἔπαι-

184 1168 241 1211 νον
262 1146 475 1233 vituperavit,
496 1167 569 1209 cum
590 1146 793 1231 prudentiae,
823 1167 967 1210 summae
990 1147 1105 1211 virtuti
1127 1156 1306 1233 temperan-

186 1248 267 1312 tiam
303 1247 393 1312 haud
428 1249 584 1333 imparem
617 1248 736 1333 opponi
766 1259 909 1311 moneret
937 1251 982 1333 (p.
1003 1248 1087 1334 151).
1127 1249 1307 1314 Prudentia

185 1348 281 1429 enim,
309 1356 347 1412 ut
370 1370 412 1412 ex
432 1348 513 1433 ipsis
541 1349 678 1413 oratoris
706 1346 816 1413 verbis
843 1349 1049 1432 cognoscitur
1074 1359 1106 1414 et
1126 1349 1306 1415 Stoicorum

184 1449 332 1515 doctrina
355 1448 584 1532 confirmatur,
604 1449 698 1535 quasi
719 1450 967 1513 instrumentum
990 1461 1054 1533 est,
1076 1473 1139 1537 quo
1158 1453 1243 1517 ratio
1263 1452 1306 1517 ud

184 1550 446 1636 perturbationes
464 1552 659 1617 coercendas
681 1553 794 1621 utitur.
831 1549 948 1638 Itaque
970 1573 1044 1616 cum
1065 1554 1223 1619 rationem
1239 1554 1308 1618 lau·

184 1652 280 1718 daret
307 1654 427 1741 quippe
455 1675 539 1741 quae
560 1654 694 1718 affectus
716 1662 844 1738 regeret
865 1654 973 1734 etiam,
1002 1653 1210 1738 prudentiam
1232 1664 1309 1720 ante

184 1755 292 1820 omnia
313 1756 504 1841 praedicare
525 1754 674 1821 debebat.
698 1755 767 1820 Nec
788 1756 891 1840 magis
913 1755 1116 1820 considerato
1137 1757 1308 1842 reprehen-

186 1856 272 1920 disse
294 1857 434 1938 videtur,
455 1856 542 1944 quod
565 1857 789 1942 temperantia,
812 1877 895 1942 quae
917 1855 1047 1943 quidem
1068 1859 1182 1922 ceteris
1204 1860 1307 1923 virtu·

185 1958 273 2024 tibus
305 1959 387 2024 nihil
412 1969 611 2046 praestaret,
642 1960 799 2045 primaria
828 1958 929 2023 allata
959 1968 1057 2044 atque
1079 1959 1188 2023 eodem
1210 1982 1307 2025 enun-

185 2059 266 2125 tiato
288 2082 362 2125 cum
382 2061 557 2146 prudentia
578 2061 751 2127 coniuncta
773 2068 865 2128 esset.
902 2059 1031 2125 Etenim
1053 2082 1128 2124 cum
1147 2060 1218 2127 fieri
1241 2085 1307 2129 non

185 2172 309 2246 posset,
344 2163 422 2249 quin
454 2162 496 2228 ab
519 2163 629 2250 aliqua
649 2164 823 2250 inciperet,
851 2165 958 2229 nescio
981 2186 1039 2228 cur
1061 2166 1307 2246 temperantiam

186 2262 305 2350 eligere
320 2264 372 2330 Ps.
390 2263 526 2350 Iosepho
544 2286 609 2330 non
630 2263 768 2345 licuerit,
789 2285 886 2349 quam
907 2265 1010 2348 ipsam
1031 2265 1186 2330 virtutem
1209 2268 1307 2329 etiam

184 2388 216 2450 p.
235 2367 308 2449 272,
320 2362 369 2429 ‘17
394 2367 531 2450 primam
551 2367 812 2432 commemoravit
829 2361 1059 2451 (ἐπιθεωρεῖτε
1087 2362 1124 2430 δὲ
1141 2368 1307 2451 πρῶτον

185 2462 243 2531 δὶα
264 2468 331 2530 τῶν
351 2466 542 2530 salvaraeio
562 2469 621 2553 τῆς
641 2459 917 2554 σωφροσύνης
937 2469 1084 2548 παθῶν).
1119 2466 1213 2531 Illam
1229 2490 1306 2533 vero

184 2569 385 2633 transitionis
406 2569 543 2634 formam
566 2556 728 2632 ἀλλὰκαὶ
757 2590 820 2654 quo
843 2568 913 2631 iure
935 2569 1188 2653 vituperaverit,
1217 2568 1306 2634 nullo

184 2669 279 2735 modo
300 2669 472 2755 intellego,
508 2671 565 2734 sed
589 2691 701 2736 vereor
723 2692 763 2733 ne
783 2671 816 2733 in
838 2669 970 2741 dumeta
991 2673 1191 2755 correpserit.
1235 2671 1307 2734 Iam

184 2771 273 2858 quod
294 2770 398 2839 locum
421 2774 478 2858 qui
496 2782 602 2836 exstat
623 2795 653 2858 p.
672 2772 745 2853 2‘l0,
764 2773 783 2836 8
805 2765 1062 2857 γαστριμαργίας
1091 2792 1126 2834 τε
1147 2769 1204 2835 καὶ
1232 2767 1307 2836 ἑπι-

189 2867 320 2957 copias
341 2877 519 2958 notaverit,
551 2898 613 2941 non
635 2875 839 2962 probandum
862 2895 981 2939 censeo.
1023 2873 1135 2958 Neque
1164 2896 1203 2937 ea
1224 2873 1308 2939 diffi-

185 2976 289 3042 cultas
312 2998 410 3064 quam
429 2999 503 3043 cum
525 2999 592 3060 upa
624 2976 814 3063 improbitas
844 2970 1056 3069 (κακοήθεια)
1087 2977 1232 3041 iustitiae
1253 2998 1307 3062 op·

185 3087 377 3162 poneretur,
412 3100 446 3142 se
472 3078 679 3163 indagavisse
713 3078 862 3166 putavit,
894 3077 1077 3164 reputanda
1111 3100 1224 3164 reapse
1254 3079 1307 3142 de·

186 3178 407 3264 prehenditur.
447 3181 530 3244 Nam
552 3190 684 3266 propter
704 3178 738 3243 id
761 3181 877 3265 ipsum,
898 3179 984 3264 quod
1003 3179 1242 3264 improbitatem
1261 3178 1306 3242 la·

188 3281 309 3344 tissime
331 3290 445 3366 patere
463 3280 559 3363 dixit,
580 3302 709 3344 necesse
729 3303 793 3353 non
816 3291 896 3361 erat,
918 3280 993 3370 lruic
1013 3279 1103 3344 aliud
1124 3281 1306 3365 exemplum
1330 3324 1338 3337 .

186 3383 376 3470 adiungere.
411 3383 561 3471 Denique
581 3385 691 3466 iram>
711 3404 795 3468 quae
817 3383 938 3447 animos
959 3383 1174 3468 pugnantium
1195 3384 1308 3448 obcae-

186 3493 257 3567 cat,
290 3484 476 3551 fortitudini
497 3508 582 3572 quae
601 3496 708 3551 mente
737 3508 776 3551 ao
804 3486 1025 3551 moderatione
1056 3486 1177 3568 utitur,
1209 3487 1307 3571 impe
1363 3491 1366 3497 ”

189 3587 332 3651 dimento
354 3609 432 3669 esse,
452 3587 524 3673 quis
545 3595 593 3651 est
614 3587 670 3674 qui
691 3585 811 3671 neget?

271 3687 364 3753 Haec
391 3690 492 3773 igitur
521 3711 604 3776 quae
625 3688 845 3754 Freudenthal
876 3698 1027 3776 suspecta
1057 3689 1216 3770 reddidit,
1248 3710 1305 3753 nos

186 3812 248 3857 non
272 3792 450 3874 offendunt,
472 3793 615 3875 offendit,
637 3792 723 3879 quod
741 3791 832 3856 illum
853 3791 948 3876 fugit,
970 3792 1227 3856 additamentum
1247 3788 1306 3855 καὶ

187 3885 299 3959 πόνου.
342 3895 427 3959 Nam
454 3916 528 3959 cum
552 3894 616 3979 ipsi
642 3893 769 3958 labores
789 3893 971 3958 fortitudini
989 3914 1054 3957 non
1074 3892 1217 3975 obstent,
1250 3894 1305 3959 sed

187 4004 289 4061 metus
311 3993 432 4061 laboris
455 3987 586 4082 (φόβος)
609 3995 665 4082 qui
686 3993 862 4076 antecedit,
892 4016 992 4080 aeque
1015 4005 1112 4081 atque
1134 4006 1230 4060 antea
1251 4018 1306 4060 cu·

189 4097 339 4182 piditates
368 4097 528 4184 voluptati
565 4099 789 4164 antecedentes
822 4100 1054 4185 temperantiae
1084 4109 1306 4185 opponuntur,

189 4219 251 4265 non
269 4201 342 4285 ipsa
360 4200 525 4286 voluptds,
547 4202 642 4267 timeo
659 4221 700 4265 ne
719 4199 778 4266 illa
795 4202 899 4267 verba
921 4196 979 4265 καὶ
1000 4194 1103 4268 πόνου
1124 4224 1145 4266 a
1162 4201 1305 4266 librariis

1059 4309 1104 4370 2*
