3000 4876
683 338 703 404 'l

131 555 210 620 prae
224 557 259 600 se
276 558 341 602 non
361 537 478 621 ferunt,
500 548 537 604 ut
558 562 597 604 ne
619 542 652 604 in
671 541 860 608 universum
882 543 1012 627 quidem
1032 544 1072 609 de
1094 542 1250 608 librorum

130 660 203 705 mss.
224 642 425 724 praestantia
446 641 592 708 iudicare
614 664 716 728 neque
740 643 773 705 in
804 643 885 708 duos
916 643 1056 709 familias
1088 667 1139 711 eos
1168 645 1253 712 divi·

129 742 206 806 dere
234 741 339 810 liceat.
392 743 600 824 Quinetiam
631 746 691 809 etsi
719 766 777 830 per
807 768 840 811 se
870 755 961 830 patet
989 746 1074 812 hanc
1103 748 1250 813 codicum

131 846 349 930 quaestionem
377 855 509 933 propter
540 847 737 912 auxiliorum
758 849 901 933 inopiam
923 850 966 914 ad
987 848 1083 914 finem
1106 850 1249 918 nondum

132 972 223 1036 posse
244 949 390 1035 perduci,
423 960 533 1016 tamen
557 952 593 1017 ni
613 951 709 1016 fallor
730 949 800 1017 fieri
829 962 945 1038 potest,
972 962 1009 1019 ut
1031 953 1129 1018 altius
1150 951 1248 1038 paulo

129 1051 379 1137 progrediamur
397 1073 496 1138 quam
512 1052 732 1117 Frendenthal
749 1063 923 1138 provectus
944 1064 1001 1119 est.
1041 1054 1126 1118 Nam
1141 1074 1251 1140 quam-

133 1156 181 1220 vis
203 1155 284 1219 miro
306 1155 427 1240 ingenii
447 1156 595 1219 acumine
617 1157 668 1222 vir
689 1155 803 1221 doctus
825 1155 928 1222 multa
949 1177 1033 1242 quae
1055 1156 1098 1220 ad
1120 1155 1154 1220 id
1173 1165 1249 1221 tem-

129 1279 191 1341 pus
219 1257 359 1322 aditores
389 1256 543 1342 fugerant
564 1257 780 1343 indagaverit,
809 1266 917 1324 tamen
941 1268 1063 1324 certam
1085 1260 1248 1346 quandam

129 1361 286 1426 rationem
300 1361 449 1443 acriam,
463 1382 529 1448 qua
547 1359 750 1446 corruptelae
763 1361 873 1425 sanari
890 1361 1040 1442 debeant,
1057 1363 1248 1447 inquirendo
1279 1398 1286 1422 .-

129 1485 192 1527 non
213 1464 366 1550 repperit.
416 1462 525 1543 Quam
546 1466 629 1528 enim
661 1466 760 1529 totius
785 1465 981 1551 quaestionis
1002 1487 1158 1530 summam
1180 1465 1250 1551 ipse

48 1635 51 1639 ,
129 1565 178 1631 his
195 1565 305 1633 verbis
326 1567 569 1652 comprehendit
590 1571 636 1653 (p.
657 1568 749 1647 lab:

217 1667 297 1747 ,Die
317 1668 654 1754 Uebereinstimmung
677 1667 837 1733 zwischen
860 1690 882 1731 α
904 1667 969 1732 und
992 1667 1015 1733 S
1036 1668 1078 1732 ist
1100 1668 1158 1732 das
1173 1667 1250 1734 Kri-

130 1770 263 1853 terium,
296 1771 430 1836 wonaoh
458 1771 528 1835 eine
549 1771 667 1857 Menge
697 1791 760 1838 von
790 1769 1012 1836 verdorbenen
1040 1769 1161 1835 Stellen
1192 1770 1250 1836 der

129 1883 262 1958 reeepta
282 1872 353 1963 sich
375 1872 577 1958 berichtigen
597 1870 711 1937 lassen.
755 1871 912 1941 Offenbar
933 1872 976 1936 ist
997 1872 1117 1938 aberS
1140 1873 1249 1940 besser

130 1976 177 2040 als
199 1981 246 2038 oa⁸

213 2077 263 2142 lla
291 2098 366 2142 oum
391 2097 455 2141 non
483 2075 674 2158 subiacent,
713 2075 831 2161 quibus
859 2075 1061 2161 potissimum
1092 2074 1170 2140 locis
1190 2073 1249 2141 Sa

128 2177 224 2243 fidem
242 2176 361 2242 habere
378 2178 474 2242 liceat
490 2188 521 2242 et
538 2176 656 2262 quibus
673 2176 774 2261 Regio
789 2177 893 2263 magis
910 2176 1071 2243 confidere
1091 2199 1174 2263 opus
1196 2178 1250 2261 sit,

130 2281 171 2344 ad
193 2278 401 2345 difficultates
431 2279 590 2345 tollendas
620 2302 683 2346 non
712 2278 840 2345 sufficit.
886 2281 1085 2347 Fritzschius
1108 2282 1247 2367 quidem,

127 2383 183 2468 qui
206 2391 289 2446 totus
311 2380 563 2446 Frendenthalio
585 2383 701 2446 nititur
722 2405 827 2469 neque
848 2383 917 2468 ipse
946 2392 984 2448 ut
1012 2385 1125 2470 opinor
1153 2405 1247 2449 acen·
1316 2459 1318 2463 7

126 2485 230 2549 ratius
251 2485 284 2548 in
306 2485 484 2549 orationem
504 2485 688 2571 inquisivit,
721 2507 795 2552 cum
817 2495 904 2550 certo
927 2486 1136 2553 fundamento
1158 2507 1244 2552 care·

126 2598 187 2669 ret,
216 2586 308 2652 modo
331 2587 533 2653 huncmodo
556 2587 647 2652 illum
669 2588 810 2654 codicem
832 2597 962 2654 secutus
987 2589 1138 2653 miserum
1162 2587 1248 2656 Oxo·

127 2692 267 2755 niensem
289 2690 444 2755 Sinaitico
466 2711 665 2776 praeponere
685 2691 848 2757 interdum
871 2713 935 2756 non
956 2690 1130 2759 dubitavit.
1175 2691 1247 2774 Ego

126 2813 202 2857 vero
224 2814 266 2856 ex
281 2791 349 2856 bae
370 2789 456 2855 mala
478 2792 702 2878 ambiguitatis
723 2792 909 2858 condicione
930 2795 979 2857 ita
1000 2815 1058 2857 nos
1081 2815 1245 2878 emergere

126 2915 218 2979 posse
240 2894 407 2976 existimo,
437 2904 475 2958 nt
503 2896 763 2982 corruptelarum
791 2897 909 2982 quibus
940 2897 1042 2961 oratio
1073 2897 1247 2983 praecipue

125 2996 268 3079 laboret,
294 3019 419 3088 genere
451 2997 619 3082 explorato
649 2999 848 3063 contrariam
875 2999 909 3063 in
937 3007 1030 3063 textu
1055 2999 1246 3085 corrigendo

126 3103 214 3170 viam
242 3100 465 3186 ingrediamur
492 3111 588 3185 atque
617 3100 744 3165 librarii
777 3100 925 3183 inierint,
963 3122 1037 3165 cum
1071 3103 1246 3166 orationem

128 3203 354 3289 depravarent.
386 3202 467 3266 Cum
484 3202 584 3286 igitur
603 3212 635 3266 et
656 3224 698 3265 ex
718 3200 963 3267 Freudenthalii
981 3199 1247 3268 commentatione

127 3292 221 3371 et'ex
241 3305 280 3369 iis
302 3303 457 3388 exemplis
485 3323 569 3387 quae
589 3301 674 3366 infra
695 3302 797 3367 fusius
821 3303 1044 3386 tractabimus,
1072 3305 1151 3370 satis
1181 3304 1247 3371 elu-

126 3417 217 3490 ceat,
244 3408 278 3469 in
307 3407 421 3493 quovis
442 3404 510 3469 fere
531 3405 638 3489 capite
659 3403 788 3490 singula
810 3404 911 3473 verba
944 3404 997 3471 vel
1026 3408 1194 3471 enuntiata
1227 3429 1247 3472 a

125 3507 270 3574 librariis
295 3531 447 3594 perverse
481 3530 549 3573 esse
580 3507 719 3590 adiecta,
740 3508 844 3573 nescio
866 3529 945 3574 num
966 3509 1019 3574 cui
1040 3509 1177 3575 dubium
1200 3512 1246 3576 vi·
1363 3559 1364 3564 η

126 3611 261 3693 deatur,
294 3612 372 3697 quin
403 3634 444 3676 ex
476 3611 687 3698 amplioribus
714 3621 863 3697 receptae
885 3613 1053 3697 seripturis
1074 3613 1245 3700 archetypi

126 3711 276 3777 lectiones
302 3714 396 3798 quasi
417 3735 570 3778 exsecare
597 3723 630 3778 et
651 3735 736 3800 quae
757 3713 799 3779 ab
821 3713 886 3779 ullo
908 3715 1019 3780 codiee
1040 3716 1245 3800 omittuntur,

127 3837 175 3896 ea,
196 3815 257 3880 nisi
277 3816 490 3898 gravissimae
512 3837 631 3880 causae
650 3815 791 3899 obstant,
818 3826 968 3903 suspecta
988 3816 1110 3882 habere
1131 3818 1244 3884 debea-

126 3939 206 3986 mus,
239 3919 283 3982 Et
299 3919 451 4005 quoniam
470 3920 610 3983 auctoris
625 3918 727 3983 verba
744 3940 807 3983 non
825 3917 928 3983 solum
942 3914 1244 4004 interpolationibus

127 4020 316 4103 deformata,
337 4021 392 4085 sed
416 4021 524 4101 etiam,
545 4042 608 4106 quo
631 4020 733 4084 maior
755 4018 846 4086 fieret
867 4021 1020 4085 sermonis
1043 4020 1206 4107 elegantia
1227 4044 1246 4086 a

126 4120 267 4188 librariis
296 4121 456 4187 interdum
486 4142 617 4206 prorsus
646 4131 773 4187 mutata
801 4145 869 4188 esse
900 4133 1036 4207 constat,
1070 4146 1245 4191 caveamus

128 4235 264 4309 oportet,
286 4247 385 4290 ne-
404 4223 490 4311 quod
513 4225 695 4292 Fritasohio
716 4227 845 4312 saepius
867 4228 986 4293 aoeidit
1009 4268 1049 4279 -
1070 4227 1245 4295 verborum
