3000 4876
720 256 784 396 ..a
843 390 849 396 ,

189 511 226 566 ut
251 524 325 566 cnm
354 447 425 589 fipri
453 523 517 565 non
545 521 637 586 posse
666 521 700 564 os
683 498 914 606 tenderit,u
893 478 1196 695 utaefortuna
1218 507 1308 562 tanta

189 603 361 668 verborum
383 601 556 665 similitudo
579 609 782 686 nascepetnr,
804 621 921 685 magno
1001 622 1066 665 ann
1089 622 1239 665 acumine
1261 621 1307 664 co·

188 727 261 770 rum
275 705 466 770 sententiam
482 703 649 784 refutaret,
670 702 726 789 qui
746 713 900 788 quartum
920 723 961 767 ex
977 702 1078 767 altero
1097 701 1308 769 Maccabaeo

190 829 261 871 rum
283 807 363 872 libro
381 805 514 873 fluxisse
534 806 773 872 contenderent
808 805 927 892 Itaque
942 827 1015 871 cum
1038 805 1107 870 veri
1129 803 1232 869 simile
1246 826 1309 870 non

189 910 241 992 sit,
262 911 314 975 Ps.
335 909 506 995 Iosepbum
529 908 571 973 ab
594 908 725 974 alterius
748 909 850 977 Maec.
873 908 948 973 libri
975 918 1106 976 auctore
1137 916 1309 972 exaratum

188 1035 265 1095 esse,
287 1012 367 1076 nihil
388 1009 477 1077 aliud
499 1012 658 1131 reliquum
682 1035 750 1077 esse
771 1012 998 1094 ratiocinatur,
1019 1031 1116 1098 quam
1139 1023 1176 1073 ut
1199 1032 1241 1075 ex
1259 1009 1310 1074 Ia·

189 1137 265 1180 sone
276 1114 464 1201 Cyrenaico,
479 1117 571 1181 cuius
586 1117 727 1202 quinque
745 1116 786 1180 de
798 1115 1071 1181 Maccahaeorum
1084 1125 1191 1179 aetate
1210 1111 1310 1181 libros

189 1217 232 1282 ab
249 1217 382 1281 alterius
405 1217 507 1284 Maec.
539 1216 614 1281 libri
636 1227 768 1283 auctore
791 1193 942 1303 exceptos
963 1240 1032 1283 esse
1053 1225 1187 1298 constet,
1210 1218 1310 1280 etiam

187 1320 239 1384 Ps.
261 1319 417 1405 Iosephus
439 1319 593 1385 hauserit.
630 1319 836 1405 Quamquam
851 1317 1083 1401 Frendenthal,
1105 1330 1142 1383 nt
1165 1317 1310 1384 alterum

187 1420 459 1486 Maccahaeorum
488 1419 627 1484 liborum
656 1421 708 1485 Ps.
730 1421 857 1507 losephi
885 1421 1002 1486 fontem
1032 1443 1097 1486 non
1127 1442 1195 1484 esse
1218 1442 1311 1506 posse

187 1532 274 1587 recte
296 1522 544 1603 animadvertit,
577 1522 624 1585 ita
653 1544 726 1586 cum
748 1522 894 1586 Iasonem
917 1544 1114 1587 communem
1138 1523 1310 1610 utriusque

188 1625 354 1710 scriptoris
371 1624 486 1695 fontem
503 1633 672 1706 statueret,
693 1625 800 1689 nescio
823 1647 865 1688 an
888 1627 1053 1691 erraverit.
1091 1625 1203 1712 Neque
1226 1626 1311 1689 enim

187 1747 318 1792 oausam
340 1725 495 1812 intellego,
520 1749 585 1813 qua
602 1728 652 1793 Ps.
675 1727 827 1813 Iosephus
855 1727 971 1794 ductus
1002 1729 1061 1807 sit,
1095 1738 1132 1792 ut
1154 1728 1309 1793 diffusum

186 1826 311 1894 Iasonis
330 1851 409 1914 opus
424 1828 598 1911 evolueret,
620 1851 723 1915 neque
745 1828 914 1915 supplicia,
936 1830 1054 1916 quihus
1077 1829 1216 1894 Eleazar
1239 1853 1309 1916 sep·

187 1940 314 2017 temque
334 1932 451 1995 fratres
473 1929 717 2013 afficiebantur,
752 1931 795 1996 ab
825 1931 939 1997 Iasone
970 1933 1017 1996 ita
1048 1933 1211 2019 descripta
1242 1957 1311 1998 esse

188 2034 295 2114 credo,
317 2045 353 2097 ut
373 2034 407 2096 in
427 2033 529 2099 altero
552 2044 582 2099 et
604 2045 720 2121 quarto
736 2035 1005 2102 Maccahaeorum
1027 2035 1110 2100 libro
1132 2037 1309 2101 momoriae

188 2135 309 2201 tradita
330 2144 414 2204 sunt.
455 2136 562 2223 Atque
584 2147 620 2200 ut
641 2137 716 2202 inde
737 2137 913 2220 ordiamur,
944 2160 1002 2202 cur
1025 2151 1134 2203 orator
1158 2138 1306 2205 Iudaeus

188 2239 221 2300 in
244 2237 389 2302 oratione
409 2259 515 2319 sacra,
544 2248 581 2303 ut
599 2261 648 2302 res
671 2250 838 2303 enarraret
860 2238 1008 2303 omnibus
1029 2251 1130 2322 notas,
1152 2261 1309 2325 magnum

186 2341 310 2405 Iasonis
326 2362 406 2427 opus
426 2342 593 2424 evolverit,
615 2344 709 2407 cuius
727 2342 870 2407 ordinem
888 2344 1081 2428 epitomator
1098 2340 1153 2406 ille
1175 2341 1310 2407 alterius

187 2445 289 2509 Maec.
321 2442 397 2507 libri
427 2454 558 2529 propter
580 2445 712 2507 nimiam
734 2445 891 2508 materiae
912 2445 1038 2529 copiam
1061 2454 1312 2529 aegrotantum

186 2570 220 2611 se
242 2547 443 2632 perspexisse
464 2547 621 2633 queritur,
643 2547 729 2612 haud
751 2549 825 2614 scio.
864 2548 975 2612 Dices:
1007 2545 1086 2611 fides
1106 2546 1260 2612 historica
1283 2550 1312 2612 ei

187 2649 276 2715 cordi
296 2648 368 2714 fnit.
412 2650 456 2713 At
482 2658 549 2713 tota
578 2651 686 2735 quarti
708 2651 824 2735 capitis
847 2653 991 2715 narratio
1020 2649 1185 2714 amoribus
1208 2650 1312 2715 abun-

187 2752 253 2816 dat.
292 2751 439 2816 Eundem
463 2760 571 2817 antem
593 2759 772 2832 oratorem,
802 2752 857 2837 qui
878 2763 910 2814 et
931 2752 1071 2837 primum
1094 2775 1168 2817 cum
1190 2767 1311 2840 quarto

186 2852 319 2918 Seleuco
339 2862 372 2916 et
389 2852 596 2939 Apollonium
613 2876 688 2918 curn
708 2854 883 2920 Heliodoro
901 2857 1059 2938 confudit,
1080 2866 1193 2941 postca
1217 2859 1251 2921 in
1275 2881 1311 2923 re

186 2956 333 3021 omnihus
365 2965 458 3039 nota,
490 2965 527 3021 ut
556 2955 651 3022 fidem
678 2957 863 3022 historicam
893 2969 1055 3040 servaret,
1089 2970 1155 3023 tota
1185 2962 1311 3024 lasonis

187 3058 355 3122 enuntiata
382 3058 425 3122 ad
455 3058 592 3124 verbum
616 3060 887 3145 transscripsissc‚
924 3061 996 3147 quis
1025 3070 1071 3124 est
1093 3059 1148 3146 qui
1170 3061 1312 3125 credat?

186 3161 256 3245 Ego
279 3183 356 3228 vero
378 3162 515 3231 minime.
556 3163 619 3227 Sed
643 3162 721 3249 quid
744 3184 802 3248 ogo
826 3162 1056 3248 argumentor?
1086 3163 1111 3225 F
1114 3161 1310 3226 rendenthal

186 3284 289 3328 nonne
310 3264 379 3349 ipse
401 3263 486 3328 hanc
507 3266 695 3329 sententiam
718 3265 891 3344 refutavit,
924 3287 996 3328 cum
1019 3264 1137 3328 diceret
1168 3267 1211 3350 (p.
1236 3266 1309 3347 82):

271 3363 361 3448 ,Ihm
380 3349 424 3430 'ist
446 3388 478 3429 es
500 3364 600 3430 daher
622 3389 655 3428 nr
647 3366 714 3436 cht
737 3388 789 3429 um
812 3366 999 3430 historisclre
1022 3365 1201 3448 Wahrheit,
1234 3391 1309 3433 son·

185 3465 264 3531 darn
293 3490 347 3533 um
373 3466 558 3536 erbauliche
582 3470 834 3554 Ausnutnung
821 3491 912 3554 Jencr
941 3469 1027 3532 alten
1051 3468 1241 3554 Erzablung
1266 3493 1307 3535 zu

186 3568 293 3637 thunf‘

270 3671 343 3767 Quq
366 3672 449 3737 enim
471 3671 602 3736 consilio
624 3672 770 3738 Iasonem
794 3672 977 3754 evolvit,
947 3675 1008 3737 msi
1031 3682 1067 3738 ut
1088 3671 1184 3738 fidem
1209 3672 1309 3738 histo·

185 3774 285 3838 ricam
307 3748 462 3840 seiaret?
485 3774 530 3837 At
550 3772 728 3859 splendidis
750 3775 886 3839 fortasse
901 3775 1025 3841 Iasonis
1047 3777 1214 3841 sententiis
1236 3798 1310 3841 ora·

185 3875 278 3940 tionis
293 3885 443 3953 omatum
456 3898 576 3962 augore
589 3876 703 3948 voluit.
727 3878 755 3946 Ο
770 3876 974 3964 praeclaram
989 3878 1185 3964 opinionem!
1212 3875 1309 3945 Illum

184 3986 345 4042 oratorem
367 3979 424 4065 qui
446 3979 618 4044 verborum
638 3980 730 4067 copia
747 4003 853 4046 omnes
874 3983 941 4046 fere
959 3981 1110 4068 aequales
1126 3983 1309 4066 superavit,

185 4078 330 4164 singulas
353 4081 507 4145 orationis
529 4092 637 4166 partes
660 4084 775 4147 mirum
799 4085 833 4150 in
854 4085 983 4149 modum
1007 4093 1104 4171 atque
1128 4081 1310 4164 arteficiose

185 4181 352 4270 expolivit,
385 4205 458 4247 eum
488 4181 636 4248 flosculos
658 4205 678 4247 a
698 4187 812 4250 lasonc
841 4195 968 4250 mutuos
990 4188 1163 4274 sumpsisse
1184 4187 1308 4275 putas?
