3000 4876
623 308 664 373 39

86 510 235 576 Ceterum
265 517 301 574 ui
331 492 459 577 eri'toto
482 507 613 575 alterius
634 510 739 576 Maec.
761 509 836 575 libri
859 518 968 576 tenore
990 512 1207 596 cognoscitur,

85 609 208 676 Iasonis
238 632 317 696 opus
347 610 581 696 elegantissime
611 612 768 698 scriptum
790 635 853 678 nou
874 612 945 681 fuit.
987 612 1018 677 Ii
1040 616 1124 678 enim
1145 614 1207 680 loci

86 715 220 779 alterius
242 711 514 779 Maccahaeorum
537 712 624 795 libri,
657 715 713 800 qui
734 712 920 779 sublimiore
941 714 1068 780 dicendi
1090 738 1208 801 genere

81 825 213 902 praeter
235 824 358 881 ceteros
379 813 507 897 florent,
529 836 592 879 non
614 838 655 880 ex
677 815 791 881 lasona
813 817 942 881 exarati
963 829 1045 883 sunt.

171 917 216 984 cl.
239 916 374 999 Ewald,
397 915 515 983 Gesch.
540 915 600 983 lsr.
619 915 680 982 IV³
701 939 732 1002 p.
753 917 832 982 380:

177 1020 287 1100 ,Diese
302 1041 406 1105 ganne
423 1017 613 1083 malerische
631 1017 821 1105 Erzahlung
839 1020 881 1102 (2.
896 1019 999 1084 Mace.
1018 1019 1049 1101 3,
1068 1022 1084 1084 7
1102 1055 1139 1068 ——
1153 1020 1210 1106 40)

88 1122 203 1208 gehiirt
226 1121 330 1186 sicher
353 1131 417 1185 crst
438 1119 511 1184 dem
527 1118 643 1184 letzten
658 1119 831 1192 ¹Verfasser
848 1121 905 1186 des
921 1119 1047 1186 Buches
1067 1142 1119 1203 an,
1141 1122 1208 1187 und

85 1224 166 1289 eben
201 1223 260 1287 das
290 1222 476 1288 roemische
510 1222 605 1286 darin
637 1219 735 1286 fliesst
774 1244 833 1288 aus
866 1221 978 1288 dessen
1017 1223 1208 1288 besonderm

85 1326 224 1392 Zwecke
246 1326 329 1391 heim
349 1325 508 1390 Abfassen
530 1325 585 1388 des
607 1324 760 1391 Buches.“

171 1429 266 1494 Adde
296 1427 381 1515 qnod
418 1426 548 1490 habitus
582 1427 753 1508 historiae,
787 1448 886 1513 quam
914 1426 1135 1491 Freudeuthal
1166 1450 1208 1491 ex

85 1532 200 1597 Iasone
221 1531 353 1596 fluxisse
378 1540 502 1611 censet,
535 1531 561 1594 is
584 1539 649 1612 est,
681 1530 738 1615 qui
759 1529 806 1593 illi
831 1529 1029 1594 Indaeorum
1055 1529 1206 1615 scriptori

85 1633 187 1699 tribui
217 1636 275 1699 vix
306 1634 415 1718 possit.
454 1633 539 1696 Nam
560 1633 699 1718 primum
721 1632 846 1713 dubito,
870 1653 947 1695 num
969 1640 1038 1696 tota
1060 1631 1206 1696 narratio

83 1735 123 1799 de
152 1735 302 1799 Eleazari
338 1744 521 1821 septemque
557 1734 695 1798 fratrum
727 1734 892 1820 suppliciis
929 1742 996 1796 tam
1024 1734 1204 1820 diligenter

84 1845 182 1921 atque
213 1836 391 1901 arteficiose
413 1837 576 1922 descripta
597 1839 629 1900 in
652 1836 775 1901 Iasonis
798 1858 895 1922 opere
924 1836 1074 1902 historico
1095 1837 1204 1904 fuerit.

84 1939 167 2018 Quis
189 1939 272 2002 enim
287 1948 336 2002 est
351 1940 407 2026 qui
425 1940 533 2003 omnia
551 1933 642 2003 illius¹
655 1937 850 2003 narrationis
864 1937 1059 2002 lineamenta
1073 1937 1103 2020 *)
1126 1960 1204 2004 vera

83 2063 161 2122 esse,
182 2042 236 2126 qui
260 2041 479 2106 adulescentes
498 2040 719 2106 crudelissime
740 2049 875 2106 vexatos
892 2049 939 2105 tot
954 2050 986 2104 et
1003 2048 1070 2104 tam
1088 2039 1202 2125 longas

82 2144 241 2208 orationes
265 2142 415 2209 babuisse
437 2144 601 2225 concedat,
630 2145 702 2230 quis
724 2166 786 2208 non
808 2144 916 2229 potius
938 2142 1099 2207 rhetorem
1122 2164 1202 2225 eam,

82 2267 167 2331 quae
189 2245 229 2310 de
245 2247 516 2312 Maccahaeorum
539 2246 703 2333 suppliciis
722 2246 859 2332 vulgata
880 2256 961 2328 erat,
990 2245 1111 2311 famam
1132 2246 1204 2311 rhe-

81 2350 181 2414 torice
213 2348 431 2416 elaboravisse
466 2348 620 2414 censeat?
659 2348 748 2414 Talis
782 2359 891 2414 autem
916 2349 1049 2414 historia
1078 2349 1203 2436 integu-

80 2454 195 2516 mentis
213 2452 400 2517 fabularum
419 2450 592 2517 obscurata
611 2453 753 2517 nondum
769 2452 893 2516 Iasonis
916 2452 1124 2538 temporibus,
1146 2454 1201 2518 sed

80 2555 180 2618 multo
211 2554 339 2618 demum
361 2564 433 2638 post
455 2556 532 2617 oriri
553 2557 667 2641 potnit.
715 2554 764 2619 Ac
785 2555 864 2617 mihi
892 2554 1022 2640 quidem
1051 2576 1116 2619 nou
1145 2555 1203 2620 du·

81 2657 171 2720 bium
195 2656 337 2738 videtur,
358 2657 435 2742 quin
458 2657 526 2740 ipse
544 2659 594 2722 Ps.
613 2655 779 2742 Iosephus,
801 2680 875 2722 cum
890 2659 925 2723 in
940 2658 1086 2722 oratione
1104 2678 1201 2722 sacra

79 2760 185 2822 minus
207 2761 391 2839 interesset,
427 2768 463 2822 ut
484 2758 563 2824 fides
584 2759 737 2825 historica
757 2768 955 2842 servaretur,
977 2758 1064 2824 illam
1087 2781 1200 2825 narra·

78 2867 197 2928 tionem
221 2863 436 2927 exornaverit.

164 2966 369 3051 Quamquam
393 2966 495 3029 nodus
527 2967 651 3051 dequo
674 2965 947 3049 supradiximus,
978 2965 1101 3029 solutus
1123 2986 1201 3049 nou·

77 3069 156 3132 dum
175 3077 232 3132 est.
271 3066 451 3145 Quaeritur
472 3069 554 3131 enim
575 3069 632 3152 qni
647 3068 769 3132 factum
786 3069 836 3149 sit,
858 3077 895 3132 ut
912 3066 981 3131 tota
999 3068 1048 3132 Ps.
1072 3065 1200 3151 losephi

77 3171 247 3235 errrrntiata
264 3191 337 3232 cum
354 3168 455 3234 altero
469 3170 739 3235 Maccahaeorum
759 3168 841 3234 libro
859 3168 1054 3236 verbotenus
1071 3190 1201 3234 consen·

78 3275 185 3339 tinent.
223 3273 272 3335 Ac
292 3294 362 3352 mea
380 3274 539 3338 sententia
558 3272 600 3336 ad
622 3273 704 3336 hanc
723 3272 940 3358 quaestionem
960 3271 1201 3337 diiudicandam

77 3377 218 3460 priorem
235 3376 388 3438 orationis
406 3387 533 3460 partem
549 3376 582 3439 in
599 3397 664 3461 qua
682 3375 722 3440 de
739 3374 1010 3440 Maccahaeorum
1032 3373 1200 3459 suppliciis

77 3477 221 3541 norrdum
240 3500 340 3542 sermo
359 3488 416 3560 est,
440 3500 459 3541 a
478 3478 607 3563 reliquis
626 3477 788 3562 capitibus
806 3498 959 3561 separare
976 3474 1139 3542 dehemus.
1162 3474 1201 3542 ln

76 3586 195 3666 quarto
226 3590 333 3645 autem
362 3581 467 3665 capite
490 3615 530 3626 -
553 3579 742 3664 hypothesis
772 3580 855 3643 enim
884 3577 963 3642 nihil
992 3576 1034 3641 ad
1062 3598 1130 3641 rem
1160 3617 1199 3630 .-

150 3840 173 3903 *l
193 3847 332 3907 Superbum
356 3846 430 3908 illum
449 3859 531 3904 regem
544 3846 698 3894 Antiochum
718 3852 788 3896 tanto
807 3846 891 3894 studio
911 3849 1028 3904 mutaque
1048 3844 1199 3904 eloquentia,

79 3942 107 3981 ut
133 3933 199 3994 apud
219 3935 260 3981 Ps.
277 3933 416 3996 Jcsephum
442 3935 591 3991 illustratur,
621 3933 777 3981 Maccabaeis
796 3932 961 3994 persuasisse,
988 3936 1016 3979 ut
1035 3920 1064 3979 dc
1084 3931 1133 3980 lide
1152 3931 1219 3979 Ju··

77 4025 197 4071 danorum
217 4022 357 4084 detinerent,
376 4021 501 4071 credibile
519 4035 568 4068 non
588 4028 633 4070 est.
658 4022 709 4070 Nec
728 4023 809 4081 magis
828 4021 969 4070 verisimile
986 4021 1096 4082 videtur,
1116 4022 1200 4082 ipsum

78 4125 162 4171 regem
177 4124 232 4158 num
246 4112 404 4172 principibus
421 4102 470 4157 ἐπί
483 4122 557 4166 τινος
575 4098 688 4172 ὑψηλοῦ
706 4105 794 4157 τόπου
814 4115 842 4158 ut
860 4111 886 4157 in
903 4110 1001 4158 theatro
1020 4109 1123 4157 illorum
1141 4121 1199 4157 cru-

77 4203 160 4248 ciatus
176 4201 314 4263 aspexisse.
