3000 4876
756 196 799 263 24

184 392 278 485 que
299 398 380 464 haec
402 396 504 465 verba
525 418 545 460 a
563 395 709 478 librario,
739 396 796 482 qui
824 396 857 458 in
880 394 1016 459 eundem
1039 402 1136 481 atque
1157 393 1338 460 Grimmius

215 519 355 563 errorem
377 499 546 579 inciderat,
568 519 719 583 perverso
739 498 860 561 inserta
882 518 950 561 esse
973 497 1128 582 suspicor.

301 600 395 665 Nunc
416 599 501 686 quod
523 597 681 663 subiciam
704 596 769 662 tale
791 607 848 678 est,
882 607 918 661 ut
940 609 1071 682 propter
1095 616 1230 681 magnas
1251 616 1339 681 quae

215 701 324 766 insunt
337 700 543 767 difficultates
553 700 829 764 accuratissimam
844 699 1063 784 quaestionem
1073 700 1240 763 instituere
1254 718 1338 782 opus

215 802 266 868 sit.
295 801 378 867 Dico
392 803 475 867 enim
493 803 532 866 de
550 788 728 888 posteriore
742 811 836 886 parte
854 822 924 884 cap.
942 799 1031 865 XIII
1044 801 1123 883 (iam
1137 800 1213 865 inde
1229 821 1251 864 a
1267 821 1339 866 ver·

215 901 265 967 bis
287 891 347 967 οὐκ
368 892 512 988 ἀγνοεῖτε
532 900 569 968 δὲ
598 925 700 990 usque
731 902 774 967 ad
803 901 914 986 finem)
937 924 1021 987 quae
1042 901 1234 987 corruptelis
1256 901 1338 966 adeo

215 1003 397 1090 depravata
416 1018 473 1086 est,
509 1018 543 1070 ut
573 1028 651 1072 num
678 1006 751 1092 quis
781 1004 824 1068 ad
855 1004 888 1068 id
919 1014 1044 1088 tempus
1066 1013 1271 1104 sensraffecte
1293 1004 1339 1066 in-

216 1105 385 1189 tellexerit,
407 1108 559 1173 dubitare
579 1108 690 1194 possis.
720 1106 890 1172 Bekkerus
913 1105 1042 1192 quidem
1065 1127 1101 1169 co
1124 1104 1340 1170 absurditatis

215 1229 403 1292 progressus
426 1221 484 1292 est,
516 1219 553 1274 ut
574 1231 647 1274 cum
668 1210 753 1294 ipsos
776 1218 897 1293 septem
918 1209 1035 1272 fratres
1057 1207 1097 1271 de
1120 1203 1253 1271 lubricis
1274 1205 1341 1270 illis

215 1307 314 1373 rebus
335 1311 551 1397 disputavisse
572 1311 782 1390 existimaret,
815 1331 879 1373 non
901 1309 1004 1374 solum
1026 1307 1218 1373 antecedens
1239 1329 1339 1373 cuun-

216 1410 332 1475 tiatum
361 1413 446 1497 quod
482 1436 517 1477 re
553 1435 632 1479 vera
666 1412 822 1477 fratribus
859 1411 1067 1477 tribuendum
1104 1420 1151 1474 est
1183 1402 1230 1505 μή
1257 1431 1341 1474 κατ-

217 1503 600 1601 αισχύνῃς-ἀδελφοὺς,
620 1517 676 1580 sed
699 1516 795 1579 etiam
817 1536 969 1599 maguam
989 1512 1077 1577 illam
1099 1512 1268 1598 periodum
1289 1535 1342 1577 us·

217 1638 280 1701 que
309 1617 351 1681 ad
380 1605 549 1707 ἀσκήσεως
577 1642 608 1703 p.
631 1618 704 1698 293,
720 1617 757 1682 31
784 1618 882 1702 signis
903 1615 1089 1681 includeret.
1131 1612 1341 1701 Quamquam

217 1718 272 1803 qui
294 1721 477 1784 accuratius
499 1719 597 1806 paulo
618 1720 725 1784 locum
743 1717 1007 1798 consideraverit,
1029 1716 1138 1783 verbis
1160 1703 1220 1781 οὐκ
1241 1704 1341 1800 dyvo-

216 1820 283 1883 εἶτε
316 1814 352 1883 δὲ
384 1833 544 1886 oratorem
576 1820 741 1886 audientes
772 1841 846 1884 suos
880 1818 1000 1905 alloqui
1031 1816 1128 1889 facile
1156 1818 1340 1904 perspiciet.

217 1918 306 1985 Dicit
326 1923 424 1985 enim:
462 1923 535 1988 Non
556 1924 712 2009 ignoratis
734 1928 765 2002 (ο
787 1921 969 2002 audientes)
990 1921 1206 1984 fraternitatis
1226 1921 1341 1987 iucun-

217 2020 363 2104 ditatem,
394 2046 491 2110 quam
521 2024 633 2091 divum
660 2045 699 2089 ac
728 2032 856 2111 sapiens
878 2045 995 2088 numen
1017 2045 1081 2108 per·
1098 2032 1207 2108 patres
1228 2021 1340 2088 liberis

217 2123 353 2188 inseruit
381 2136 413 2216 et
440 2149 498 2212 per
529 2128 641 2193 matris
671 2127 792 2209 alvum,
826 2128 858 2190 in
887 2148 950 2212 quo
978 2147 1052 2192 eum
1082 2124 1167 2189 idem
1189 2127 1341 2211 temporis

216 2227 358 2311 spatium
382 2229 499 2293 fratres
529 2230 674 2315 degerint
682 2230 712 2312 *J
743 2232 853 2295 eodem
884 2229 1041 2314 sanguine
1074 2225 1188 2290 nutriti
1221 2235 1254 2288 et
1282 2247 1340 2310 per

217 2327 351 2392 candem
373 2332 513 2394 animam
534 2331 577 2396 ad
597 2333 819 2396 maturitatem
838 2330 987 2418 perducti
1006 2380 1014 2395 .
1034 2381 1041 2396 .
1061 2378 1068 2394 .
1089 2378 1096 2392 .
1113 2336 1338 2393 sustentantur

217 2430 344 2494 animae
364 2431 502 2496 fratrum
531 2454 566 2496 se
588 2433 789 2519 diligentium
812 2444 843 2498 et
865 2433 961 2500 valde
982 2442 1144 2517 augentur
1166 2431 1340 2496 communi·

216 2528 278 2594 bus
306 2530 465 2599 alimentis
493 2543 525 2598 et
545 2536 632 2602 vitae
652 2537 881 2602 consuetudine
908 2544 967 2602 ete.
1003 2535 1049 2601 Ut
1071 2536 1171 2620 igitur
1191 2532 1335 2600 breviter

217 2654 343 2698 sensum
365 2636 489 2719 periodi
518 2638 797 2723 comprehendam,
832 2660 922 2703 amor
949 2638 995 2701 ait
1015 2638 1154 2700 fratrum
1175 2637 1336 2700 communi

216 2734 341 2818 origine
369 2738 530 2803 excitatus
559 2761 632 2804 cum
662 2739 733 2804 aliis
762 2739 860 2805 rebus
890 2748 958 2803 tum
986 2730 1075 2803 vitae
1105 2737 1337 2801 consuetudine

122 2891 126 2897 .
217 2836 316 2920 vulgo
333 2848 480 2923 augetur.
518 2839 625 2919 Quam
642 2840 685 2904 ab
699 2863 768 2904 rem
784 2841 902 2904 fratres
920 2838 1098 2921 (doloribus
1117 2839 1240 2923 affecti)
1254 2839 1337 2903 inter

216 2959 251 3002 se
271 2938 492 3004 misericordia
519 2942 712 3006 commoveri
741 2941 852 3021 solent,
885 2961 969 3027 quae
998 2939 1087 3025 apud
1116 2939 1187 3004 illos
1217 2948 1337 3025 septem

216 3037 343 3121 fratres,
375 3041 495 3127 quippe
516 3042 572 3126 qui
593 3042 704 3106 cadem
734 3040 805 3126 lege
825 3041 965 3105 instituti
986 3041 1179 3128 easdemque
1201 3043 1337 3107 virtutes

217 3138 356 3204 colentes
384 3142 481 3205 etiam
510 3143 613 3228 magis
642 3144 726 3206 inter
748 3164 781 3206 se
803 3141 986 3227 diligerent,
1018 3144 1120 3207 maior
1142 3150 1214 3206 erat
1234 3140 1336 3207 solito.

218 3241 326 3307 Nihilo
349 3253 458 3308 autem
479 3247 593 3327 secius,
614 3247 674 3310 etsi
692 3255 738 3308 tot
755 3245 917 3329 tantisque
935 3246 1052 3307 amoris
1069 3242 1207 3310 vinculis
1225 3265 1337 3308 consc-

218 3341 381 3427 tebautur,
414 3353 522 3409 tamen
551 3355 715 3430 aspectum
743 3343 889 3409 fratrum.
902 3344 1122 3408 crudelissime
1143 3353 1336 3410 vexatorum

217 3468 282 3511 uon
302 3446 396 3511 modo
417 3459 548 3532 propter
570 3448 722 3532 pietatem
740 3447 898 3528 ferebant,
920 3445 1091 3510 sedetiam
1112 3468 1176 3527 cos,
1198 3456 1235 3510 ut
1254 3468 1336 3510 mor·

218 3557 282 3613 tem
303 3547 440 3631 obirent,
461 3548 683 3614 admonebant.
724 3552 982 3634 Argumentatur
1003 3549 1104 3633 igitur
1124 3547 1238 3612 eadem
1260 3550 1335 3612 rati-

218 3670 277 3714 one
298 3659 394 3737 atque
415 3651 519 3736 quinti
539 3651 654 3715 decimi
674 3652 790 3737 capitis
809 3650 909 3732 initio,
931 3672 1005 3737 quo,
1026 3665 1062 3717 ut
1080 3650 1336 3734 magnitudinem

307 3895 331 3956 ⁸)
349 3899 432 3946 Verba
457 3880 504 3946 nal
530 3891 559 3946 ἐν
579 3888 616 3961 τῷ
635 3889 707 3961 αὐτῷ
725 3893 816 3962 χρόνῳ
834 3893 1006 3953 κλασθέντες
1025 3901 1142 3956 suspecta
1161 3896 1250 3944 habeo.
1289 3899 1338 3943 Aut

219 3987 287 4033 enlm
306 3999 361 4033 enm
379 3986 447 4035 idem
464 3987 607 4046 significent
632 3990 707 4046 atque
725 3985 903 4044 antecedentia,
932 3984 1058 4043 superflua
1075 3989 1141 4043 suut,
1169 3989 1213 4032 aut
1231 3997 1288 4032 cum
1306 3981 1337 4030 de

220 4075 340 4124 tratribus
359 4075 444 4124 eodem
462 4081 571 4136 tempore
592 4075 657 4125 ustls
676 4075 716 4123 hic
734 4086 814 4122 sermo
828 4087 944 4123 essenon
958 4074 1046 4134 posslt,
1067 4085 1169 4121 sensum
1182 4075 1338 4135 perturbant.
