3000 4876
729 327 771 394 17

185 528 383 596 attribuitur.
426 527 543 615 Itaque
572 529 651 593 mihi
672 531 800 615 quidem
823 551 885 594 uon
919 530 1054 595 dubium
1077 532 1205 596 videtur
1226 532 1304 618 quin

186 633 259 698 ΟΛ·
273 633 399 717 signum
415 631 457 695 sit
470 631 687 695 Alexandrini
701 640 733 695 et
750 652 827 696 raro
841 640 969 695 tantum
985 631 1028 696 ad
1043 631 1306 697 cantuariensem

188 772 226 782 -
248 735 275 798 si
296 732 390 798 modo
407 733 469 813 ,hie
491 733 594 798 codex
616 742 740 815 exstat,
767 733 852 819 quod
874 735 1031 798 nescio—
1046 734 1159 799 referri
1180 735 1306 802 debeat.

185 836 299 923 Neque
322 857 373 900 me
395 845 515 917 movet,
536 835 622 920 quod
643 834 894 900 innumerabiles
923 834 970 899 illi
992 835 1206 901 Alexandrini
1227 839 1307 900 iota·

186 939 276 1003 oismi
298 960 362 1002 non
383 958 508 1022 semper
526 945 680 1001 accurate
702 937 821 1002 redditi
843 946 934 1021 sunt,
963 936 1043 1001 haec
1064 939 1148 1001 enim
1170 940 1306 1004 mutatio

186 1039 255 1104 eins
278 1040 341 1103 viri
358 1038 575 1125 neglegentia,
598 1039 653 1125 qui
676 1037 817 1104 codicem
839 1039 986 1120 contulit,
1006 1039 1100 1106 facile
1114 1041 1306 1127 explicatur.

270 1141 340 1205 lam
372 1162 450 1206 vero
482 1141 524 1206 ad
556 1162 627 1204 eam
658 1141 838 1226 opinionem
870 1143 1055 1227 transgredi
1087 1142 1176 1225 libet,
1209 1165 1306 1229 quam

185 1241 414 1307 Frendenthal·
427 1242 468 1307 de
489 1241 614 1306 lacunis
635 1242 787 1306 orationis
809 1243 924 1327 posuit.
967 1242 1076 1328 Atque
1097 1244 1182 1329 quod
1205 1266 1306 1330 supra

186 1345 251 1409 iarn
274 1366 338 1410 uno
361 1343 506 1431 exemplo
532 1343 823 1409 demonstravimus
849 1348 893 1428 (p.
912 1344 1020 1428 aaut)
1043 1346 1106 1410 viri
1133 1346 1220 1411 docti
1240 1369 1307 1410 sus-

185 1447 344 1533 picionem
365 1447 574 1512 fundamento
595 1467 718 1528 carere,
749 1446 783 1511 id
805 1447 959 1531 prooemii
980 1469 1106 1532 quoque
1126 1456 1214 1512 statu
1234 1469 1307 1512 con-

185 1548 346 1616 firmatur.
390 1549 531 1631 Causam
563 1559 671 1613 autem
701 1550 729 1613 si
751 1548 917 1633 quaeritis,
949 1570 1013 1634 qua
1035 1548 1306 1614 Frendenthalius
1410 1591 1413 1595 .

186 1662 225 1717 ut
246 1673 380 1738 magnas
403 1653 437 1715 in
456 1652 617 1737 prooemio
635 1650 769 1715 lacunas
789 1659 821 1715 et
841 1671 862 1713 a
881 1649 1023 1716 librariis
1038 1650 1122 1715 male
1141 1651 1306 1737 suppletas

186 1763 354 1834 statueret,
382 1753 500 1816 ductus
530 1753 581 1832 sit,
614 1761 839 1835 argumentum
860 1750 956 1835 primi
978 1752 1065 1836 capit
1066 1751 1094 1814 is
1120 1752 1171 1816 vir
1193 1751 1306 1816 doctus

186 1876 303 1939 parum
321 1853 490 1921 intellexit.
522 1853 618 1921 Adde
634 1853 718 1938 quod
736 1853 849 1917 eadem
864 1851 1035 1934 dubitatio,
1052 1874 1136 1939 quae
1154 1854 1188 1917 in
1202 1855 1306 1939 primo

186 1956 294 2041 capite
324 1953 498 2040 profertur,
531 1975 608 2024 cum
639 1955 737 2017 etiam
758 1952 945 2018 obliviot
910 1961 945 2015 at
946 1975 1009 2037 que
1036 1954 1220 2038 ignorantia
1246 1954 1306 2019 sub

185 2056 321 2121 rationis
343 2055 560 2120 dominatione
591 2056 666 2135 sint,
698 2056 731 2118 in
754 2055 848 2119 tertio
876 2055 982 2139 capite
1010 2055 1079 2118 sine
1100 2054 1187 2119 iusta
1207 2077 1307 2120 eausa

185 2161 304 2224 iterum
318 2157 448 2243 prolata
468 2157 599 2222 videtur
622 2178 697 2224 esse.
730 2156 901 2221 Primum
892 2157 992 2241 igitur
1011 2156 1052 2220 de
1071 2157 1187 2242 capitis
1209 2179 1303 2222 sensu

186 2262 343 2327 disserere
366 2258 531 2339 debemus,
560 2259 616 2345 qni
637 2257 740 2344 qualis
762 2259 804 2327 sit
833 2279 875 2322 ex
896 2257 1100 2322 enarratione
1122 2260 1307 2342 argumenti

185 2363 304 2448 optime
324 2361 536 2446 cognoscitur.

272 2462 368 2527 Initio
403 2471 529 2542 orator,
561 2470 773 2547 posteaquam
802 2458 879 2546 quid
908 2458 970 2524 sibi
998 2459 1207 2524 tractandum
1235 2480 1307 2544 pro·

186 2564 330 2650 posuerit
354 2564 531 2650 explicavit
552 2572 678 2628 etcum
700 2584 765 2627 rem
784 2583 904 2647 parum
930 2583 1004 2626 oum
1025 2560 1219 2626 Iudaeorum
1242 2559 1306 2624 fide

187 2665 361 2730 cohaerere
382 2667 528 2746 sentiret,
559 2665 649 2751 apud
671 2665 840 2728 audientes
862 2664 956 2748 quasi
984 2685 1017 2727 se
1039 2663 1221 2743 excusavit,
1242 2683 1307 2726 eos·

187 2788 252 2854 que
284 2776 322 2831 ut
351 2769 528 2833 orationem
561 2775 683 2831 attente
714 2766 925 2830 audirent-
950 2786 1021 2850 eam
1049 2766 1131 2829 enim
1160 2764 1307 2829 omnibus

188 2867 391 2932 utilissimam
412 2891 542 2934 esse-
563 2869 755 2933 adhortatus
777 2876 843 2949 est,
875 2868 983 2931 statim
1010 2889 1098 2932 more
1118 2867 1308 2952 praedican-

189 2971 269 3036 tium
298 2983 410 3058 partes
430 2970 599 3052 iudicavit,
628 2972 662 3035 in
688 2991 769 3055 quas
791 2968 920 3033 dicendi
940 2969 1076 3032 materia
1097 2966 1307 3032 divideretur.

190 3072 420 3138 Disserendum
450 3064 532 3136 enim
564 3072 628 3136 sibi
658 3093 725 3136 esse
754 3071 794 3135 de
818 3071 856 3134 iis
879 3069 1065 3150 affectibus,
1100 3070 1157 3154 qui
1179 3080 1210 3132 et
1232 3078 1308 3132 tem·

189 3177 358 3261 perantiae
378 3184 410 3238 et
431 3174 572 3238 iustitiae
598 3183 629 3239 et
649 3172 832 3237 fortitudini
853 3171 1078 3258 impedimento
1098 3179 1212 3251 essent,
1244 3192 1307 3235 non

190 3289 307 3364 tamem
328 3299 401 3343 cum
420 3297 497 3341 suas
518 3276 618 3362 ipsius
641 3274 901 3361 perturbationes
924 3274 1004 3341 ratio
1023 3295 1086 3337 non
1104 3273 1205 3357 possit
1221 3294 1308 3336 coer-

190 3400 280 3461 cere,
312 3378 353 3443 de
380 3377 544 3445 oblivione
571 3389 671 3465 atque
691 3378 895 3463 ignorantia.
939 3376 1019 3440 Esse
1041 3386 1149 3440 autem
1172 3397 1207 3439 re
1228 3397 1308 3439 vera

190 3479 261 3544 illos
280 3481 415 3547 affectus
429 3480 491 3546 sub
513 3482 647 3546 rationis
670 3480 897 3560 dominatione,
918 3499 992 3543 cum
1014 3475 1085 3540 aliis
1104 3477 1183 3540 dicit
1201 3480 1308 3541 causis

192 3590 261 3646 tum
282 3582 462 3647 constantia
479 3582 663 3664 hominum,
696 3582 752 3667 qui
772 3602 831 3666 pro
850 3581 1126 3683 mrtuwtem
1147 3579 1308 3660 obierunt,
1383 3581 1384 3584 ’

191 3682 325 3768 probari
342 3705 444 3768 posse,
468 3683 630 3765 Eleazari,
652 3693 774 3769 septem
794 3682 934 3747 fratrum
956 3682 1097 3796 eiusque·
1107 3681 1232 3760 matris,
1253 3681 1309 3767 qui

191 3806 299 3849 omnes
317 3794 495 3870 tyrannum
515 3785 713 3851 Antiochum
734 3783 924 3849 fortitudine
946 3782 1194 3875 superavissent
1230 3781 1308 3861 Qui·

191 3884 251 3952 bns
273 3886 431 3954 derebus
454 3887 556 3952 fusius
578 3910 612 3952 se
636 3887 800 3952 dicturum
822 3907 890 3950 esse
910 3884 1091 3970 pollicetur,
1114 3884 1309 3970 simulatque

193 3995 229 4052 ut
250 3989 351 4054 soleat
360 3989 508 4076 ,hypot
495 3988 599 4054 thesin
620 3988 832 4074 praemiserit.
854 4025 894 4036 -
909 3987 1013 4052 Docet
1000 3986 1135 4071 tigitur
1157 3988 1208 4053 Ps.
1227 3986 1310 4049 lose·

192 4088 275 4174 plius
299 4101 446 4158 veterum
467 4090 659 4173 Stoicorum,
689 4090 827 4156 Zenonis
848 4089 1048 4176 potissimum
1068 4097 1245 4173 praecepta
1264 4109 1310 4150 se-

196 4201 300 4278 cutus,
329 4192 471 4260 homines
493 4193 595 4259 vitam
623 4213 721 4278 agere
742 4191 860 4260 debere
880 4190 1059 4277 sapientiae
1080 4189 1308 4256 conformatam

1091 4299 1110 4356 2
