3000 4876
646 336 687 405 13

564 433 766 442 —-.—

104 541 215 607 statim
244 541 346 626 primo
376 540 482 625 capite
512 539 648 625 legitur:
691 535 946 636 θαυμασθέντος
967 535 1028 625 γὰρ
1051 528 1095 605 οδ
1117 531 1224 622 μόνον,

96 644 162 710 rubi
185 643 284 728 vulgo
308 639 427 707 ἐκεῖνοι
451 642 582 707 additur
605 666 677 707 cum
704 644 806 708 codex
830 643 859 707 A
882 637 973 707 orites
996 643 1164 730 praebeat3
1195 653 1240 706 et·

104 745 202 832 paulo
230 755 303 831 post
331 769 361 830 p.
385 747 458 826 271,
489 746 532 810 20
561 746 595 810 in
618 745 727 811 verbis
749 739 853 810 πόσαι
876 749 1000 810 παθῶν
1022 742 1109 810 ἰδέαι
1131 748 1225 810 inter·

103 849 322 935 polementum
346 842 381 912 αῖ
400 849 466 911 τοῖν
487 848 572 933 quod
595 869 615 911 a
638 847 700 912 SL
723 849 794 912 aliis
816 848 908 913 libris
932 850 1002 913 iure
1023 832 1225 934 repudiatur.

104 953 171 1018 Nec
194 952 310 1017 desunt
333 951 396 1016 looi
418 950 535 1036 quibus
557 973 592 1014 re
614 951 853 1036 interponatur,
883 953 916 1016 id
939 952 1024 1037 quod
1046 977 1076 1037 p.
1093 953 1166 1035 271,
1184 953 1226 1016 30

105 1054 230 1119 factum
252 1064 315 1137 est,
348 1053 406 1119 ubi
428 1062 542 1118 eontra
564 1053 659 1138 Regii
684 1055 911 1118 auctoritatem
934 1077 1085 1140 perverse
1105 1055 1226 1139 legitur

103 1146 204 1257 ἡδονή
234 1179 269 1221 τι
301 1154 358 1222 καὶ
390 1148 491 1233 πόνος
525 1178 599 1221 oum
632 1156 696 1241 legi
730 1156 846 1221 debeat
883 1143 982 1243 ἡδονὴ
1017 1156 1074 1221 καὶ
1115 1151 1223 1233 πόνος.

105 1259 194 1338 Quid
213 1261 299 1347 quod
315 1259 417 1326 verba
435 1260 612 1345 composita
631 1280 651 1322 a
674 1259 815 1323 librariis
836 1261 977 1328 ornandi
996 1283 1096 1326 causa
1117 1284 1225 1347 saepe-

17 1390 20 1395 ·
104 1384 239 1428 numero
260 1384 319 1448 pro
342 1362 540 1448 simplicibus
563 1361 769 1426 adhibentur.
807 1361 855 1428 Of.
877 1385 907 1447 p.
928 1364 1000 1445 271,
1029 1366 1070 1429 10
1093 1360 1224 1428 αἰκισα-

101 1464 209 1548 μένοιν
227 1465 313 1553 quod
327 1467 360 1529 in
373 1463 586 1533 deterioribus
598 1463 689 1528 libris
711 1464 744 1526 in
759 1461 1044 1547 καταικισαμένων
1064 1477 1223 1532 mutatum

102 1579 160 1634 est.
202 1568 301 1634 Recte
321 1569 423 1654 igitur
439 1567 637 1631 Fritzschius
660 1591 691 1652 p,
710 1567 783 1648 279,
806 1567 848 1631 25
870 1569 1006 1653 optimos
1029 1569 1155 1634 codices
1180 1593 1224 1633 se·

101 1680 196 1736 cutus
217 1679 282 1752 est,
316 1692 389 1733 cnm
412 1692 470 1756 pro
493 1657 639 1752 εὐσεβεῖν
661 1669 746 1755 quod
768 1680 901 1755 recepta
930 1671 1065 1756 praebet
1072 1720 1081 1753 ,
1117 1668 1223 1754 σέβειν

102 1775 297 1838 restitueret.
336 1775 508 1837 Praeterea
541 1774 574 1835 in
596 1772 743 1836 omnibus
765 1771 857 1836 libris
879 1774 1044 1854 orationis,
1076 1773 1161 1857 quod
1184 1783 1221 1836 ut

101 1900 161 1963 per
193 1899 225 1941 se
250 1876 382 1940 minoris
403 1876 556 1940 momenti
582 1884 645 1956 est,
681 1875 727 1937 ita
750 1875 792 1939 ad
811 1876 967 1938 rationem
989 1876 1068 1940 artis
1091 1875 1223 1939 criticae

102 1978 359 2044 constituendam
380 1977 556 2064 plurimum
578 1977 676 2059 valet,
698 1977 800 2041 multa
823 1977 925 2044 verba
947 1977 1009 2041 alio
1032 1978 1143 2043 ordine
1162 1977 1224 2042 col-

103 2079 214 2146 locata
233 2090 324 2164 sunt,
354 2083 445 2146 cuius
468 2081 653 2145 mutationis
673 2080 821 2165 exempla
851 2080 882 2142 in
912 2082 1027 2165 quovis
1050 2083 1155 2166 capite
1177 2081 1222 2142 in-

102 2183 291 2249 veniuntur.

166 2285 208 2356 cf.
228 2310 258 2372 p.
276 2285 349 2367 273,
368 2286 408 2349 10
427 2278 550 2369 εἴρηκεν
572 2274 657 2368 ἡμᾶς
679 2273 809 2363 δνόμος
830 2282 884 2346 Sc

476 2434 489 2464 „
577 2376 705 2465 δνόμος
726 2376 812 2470 ἡμᾶς
832 2384 899 2447 LB

428 2480 514 2574 ἡμᾶς
535 2481 659 2573 εἴρηκεν
678 2479 801 2567 δνόμος
821 2485 936 2570 vulg03

219 2616 255 2678 p..
268 2593 342 2675 273,
365 2592 407 2657 30
429 2580 1222 2677 ἒγθραςὲπικραιεῖνδλογιομὸςδόναιαιὸναίςο

484 2740 497 2770 ,,
565 2686 702 2755 δύναται
725 2688 915 2776 ἐπικρατεῖν
938 2681 954 2753 δ
976 2682 1177 2779 λογιομόςΙο

429 2790 553 2880 ἔχθραν
576 2787 593 2858 δ
616 2787 770 2878 λογισμὸς
792 2790 982 2877 ἐπικρατεῖν
1002 2787 1137 2856 δύναται
1149 2815 1190 2851 =
1202 2815 1223 2854 α

217 2923 248 2983 ρ.
270 2899 344 2980 280,
366 2900 405 2963 17
430 2889 503 2961 eiius
520 2891 630 2981 λόγοις
649 2897 824 2972 δεσποοεις
842 2887 916 2959 οὔτε
931 2884 976 2958 δι”
990 2890 1223 2978 ἔργωνὸαΙιΒ

431 2991 505 3064 οὔτε
527 2989 578 3064 δι”
603 2996 705 3085 ἔργων
727 2992 800 3064 οὔτε
821 2991 931 3082 λόγοις
953 2990 1171 3089 δεοπόοειςᾼ
1247 3044 1250 3051 -

427 3094 501 3167 οὕτε
512 3097 680 3187 διδλόγιον
692 3094 765 3167 odra
778 3090 824 3165 δι”
835 3094 1224 3201 ἐργωνδεσπόοειςὰΒΟ
1238 3097 1277 3186 R,

186 3203 392 3290 Quamquam
414 3206 514 3290 igitur
536 3216 668 3291 propter
700 3228 850 3290 magnam
879 3180 1017 3268 lilib'rum
1040 3205 1223 3290 discrepan-

100 3307 181 3369 tiam
210 3316 274 3371 rion
303 3307 450 3372 omnibus
481 3308 558 3372 locis
580 3307 650 3372 fieri
674 3318 788 3394 potest,
818 3318 854 3372 ut
884 3307 962 3392 quid
992 3308 1025 3369 in
1049 3305 1222 3392 archetypo

100 3411 200 3473 fuerit
213 3409 442 3495 intelligamus,
462 3421 569 3474 tamen
591 3412 676 3496 quod
699 3433 798 3496 supra
818 3412 849 3472 in
870 3411 1056 3474 universum
1073 3409 1223 3491 diximuS,

104 3511 331 3597 simpliciorem
353 3514 550 3598 scripturam
572 3513 703 3599 reliquis
726 3511 971 3599 praeferendam
993 3535 1072 3594 esse,
1103 3512 1136 3577 id
1160 3511 1223 3576 huc

105 3635 233 3700 quoque
247 3615 409 3699 pertinere
424 3615 574 3680 arbitror.
605 3615 767 3694 Quocirca
783 3638 818 3679 eo
835 3615 904 3679 loco
921 3637 1013 3700 quem
1028 3625 1223 3700 postremum

102 3715 238 3800 adduxi,
259 3717 353 3801 Regii
376 3716 557 3783 lectionem:
582 3709 656 3782 odra
678 3712 734 3782 διό
756 3711 860 3802 λόγων
883 3708 956 3782 olive
971 3705 1018 3781 δι”
1036 3710 1137 3799 ἔργων
1154 3715 1223 3780 δεο-

98 3810 216 3894 πόσεις
238 3819 592 3904 elegantiori-Sinaitici
612 3822 792 3907 scripturae
813 3831 980 3906 antepono

190 3922 253 3987 Sed
276 3923 342 3986 iam
365 3923 407 3987 ad
429 3913 482 3988 ios
501 3923 587 3989 locos
614 3924 798 4010 transgredi
817 3924 905 4006 libet,
926 3923 1044 4009 quibus
1061 3923 1133 4008 ipsa
1153 3944 1223 3986 ora·

106 4026 184 4089 toris
209 4026 312 4092 verba
341 4024 522 4103 alibrorris
547 4037 675 4092 mutata
703 4039 788 4093 sunt.
831 4029 879 4092 Ac
901 4029 1039 4112 primum
1061 4037 1099 4091 ut
1121 4027 1223 4091 oratio
1275 4016 1278 4021 ’

17 4148 31 4189 r
104 4130 303 4194 numerosius
316 4130 456 4219 coderet,
475 4129 665 4217 particulae,
679 4131 917 4195 coniunctiones
925 4123 1042 4208 τοίνυν,
1055 4122 1095 4193 dd
1104 4122 1222 4210 τοίνυν,

18 4216 25 4235 ’
103 4232 180 4316 γοῦν
199 4241 259 4298 etc.
281 4232 511 4320 simpliciorum
531 4233 704 4301 verborum
723 4230 784 4319 (δὲ,
806 4227 867 4320 γὰρ
883 4235 957 4317 eto.)
980 4234 1131 4298 inlocum
1147 4255 1221 4320 sup·
