3000 4876
795 302 837 373 48

715 395 798 402 ..-—.
826 398 830 402 .
846 397 916 404 η--.-

741 514 812 590 Cep.
834 516 884 578 IV.

193 640 201 653 ⁸
251 654 281 711 p.
304 639 375 712 276,
389 639 407 695 2
426 621 599 712 νικάντορα
614 625 669 691 καί
683 651 777 713 χρημ.
801 639 818 695 6
833 621 889 693 τόν
904 650 986 692 ποτε
1007 639 1027 696 8
1042 621 1209 711 διαβαλὼν
1234 640 1273 697 10
1286 618 1373 715 ἥκων

314 723 405 815 νιρός,
423 737 505 797 deest
522 752 558 793 τε
584 741 622 796 15
640 724 764 794 τούτων
782 726 844 811 (δὲ)
871 741 907 796 21
929 739 1011 798 deest
1028 719 1126 817 ἀνέβη
1142 729 1198 796 καί
1222 743 1262 799 22
1280 727 1373 796 ίδιω-

313 826 390 896 τικὰ
411 826 560 918 χρήματα
584 843 622 899 26
645 826 729 914 μετὰ
753 842 793 899 28
811 841 842 900 in
855 857 946 912 marg.
968 836 1116 918 γεραιῶν,
1139 827 1372 898 ἱκετευσάντων

315 927 472 998 τὸνθεόν
494 931 528 997 έν
549 936 597 1018 τῷ
619 930 696 1019 ίερῴ
718 942 758 1002 30
780 933 825 1000 δὲ.

251 1063 279 1120 p
304 1048 374 1120 277,
397 1047 415 1103 2
444 1035 582 1114 ἐνιέντες
610 1038 723 1124 (ηκαν)
752 1034 948 1105 καταπεσών
977 1040 1013 1124 γέ
1041 1063 1095 1105 τοι
1131 1038 1248 1127 duret
1270 1029 1373 1106 αὐτοῦ

314 1134 571 1259 προσευξάμενοι
600 1152 618 1208 6
639 1156 706 1222 post
727 1134 865 1224 στρατόν
887 1150 1006 1209 inserit:
1036 1136 1125 1226 ἔλεγε
1145 1137 1207 1227 γάρ
1228 1135 1373 1231 ἡμαρτη-

315 1236 381 1318 κώς
402 1232 486 1306 ιόστε
507 1240 564 1305 καί
586 1230 773 1306 ἀποθανεῖν
793 1233 923 1320 άξιον
908 1239 1065 1329 υττάρχειν
1082 1239 1170 1311 πᾶσί
1182 1269 1218 1312 τε
1239 1235 1374 1334 άνθρυί-

315 1367 393 1422 ποις
422 1337 572 1431 ίμνήσειν
599 1343 723 1422 σωθείς
750 1339 807 1432 τὴν
834 1368 892 1411 του
915 1344 1004 1433 ἱεροῦ
1022 1343 1127 1414 τόπου
1137 1344 1374 1472 μακρριότητα

315 1437 464 1534 (ἀρετήν.)
487 1458 517 1514 in
538 1472 629 1529 marg.
653 1470 706 1535 γρ;
729 1441 889 1534 ὡμολόγει
911 1441 1009 1535 γὰρ(
995 1473 1013 1515 ο
1032 1438 1146 1516 'Art‘
1133 1446 1249 1519 εαυτὸν
1268 1445 1373 1540 ἡμαρ-

314 1548 461 1669 τηκέναι
463 1540 547 1613 ὥστε
563 1546 619 1612 καί
636 1538 694 1613 άτι.
717 1541 817 1628 άξ
789 1573 873 1616 ειναι
895 1547 982 1617 πᾶσί
1001 1575 1038 1618 τε
1058 1541 1192 1638 ἆνθρ.ε
1176 1577 1248 1636 υμν.
1262 1569 1319 1624 ete.
1334 1595 1372 1606 -

315 1646 419 1717 τόπου
442 1640 557 1739 άρετὴν
578 1647 665 1736 ἔλεγε
688 1665 706 1721 7
725 1645 890 1735 υτιαχθεις
920 1666 937 1722 9
961 1653 1017 1720 καί
1038 1650 1083 1742 μὴ
1104 1645 1173 1740 (οὗ)
1205 1669 1243 1726 13
1266 1649 1285 1723 ὃ
1306 1652 1375 1735 υίὸς

317 1743 419 1820 αὖτοῦ
448 1743 516 1820 άντ.
546 1746 680 1841 ὁέττιφ.
719 1768 758 1823 14
780 1745 859 1842 ἀνὴρ
882 1749 1020 1844 ὓπερηφ.
1042 1781 1071 1821 κ.
1095 1750 1199 1836 δεινός
1236 1770 1274 1827 16
1293 1766 1374 1828 deest

316 1853 432 1923 δώσειν
471 1871 507 1926 17
538 1853 703 1943 τρισχίλια
733 1853 890 1937 ἑξακόσια
920 1855 1075 1947 ἑξήκοντα
1096 1858 1139 1940 ’ἔξ
1160 1856 1315 1940 τάλαντα,
1345 1870 1387 1928 in-

315 1986 407 2043 marg.
430 1950 583 2047 ἀργυρίου
618 1971 656 2027 29
682 1955 715 2025 εί
733 1984 818 2039 τινες
840 1973 880 2029 30
902 1970 984 2031 deest
1004 1959 1232 2044 κολασθέντες,
1253 1971 1375 2046 praebet
1474 1997 1479 2041 ι

315 2057 450 2127 θάνοιεν
479 2060 536 2125 καί
562 2059 635 2126 έιιεί
667 2056 752 2126 κατὰ
788 2074 824 2130 31
857 2058 987 2145 ἰ’σχυσεν
1018 2063 1201 2129 καταλῦσαι
1230 2058 1289 2151 τὴν
1309 2064 1374 2127 τῶν
1460 2140 1463 2147 .

317 2160 488 2250 δογμάτων
516 2168 576 2230 τοῦ
604 2160 724 2242 ἔθνους
751 2154 911 2249 εὐνομίαν,
945 2177 976 2235 in
1002 2192 1093 2248 marg.
1117 2160 1173 2232 διδ
1193 2170 1259 2232 τῶν
1280 2167 1374 2251 δογμ.

316 2262 374 2332 τίν
396 2256 548 2349 εὐνομίαν
568 2269 627 2331 τοῦ
648 2261 766 2343 ἔθνους
788 2278 827 2335 32
849 2261 909 2345 τὰς
930 2263 1049 2334 ἑαυτοῦ
1070 2258 1217 2347 ἀπειλάς.

253 2395 281 2451 p.
305 2379 412 2452 278,1
437 2378 467 2436 in
488 2393 578 2448 marg.
606 2383 674 2450 post
700 2368 945 2451 καταλυομένας
970 2385 1140 2439 annotatum
1162 2385 1223 2440 est:
1257 2365 1376 2458 ἐπετή-

317 2472 410 2537 δευσε
431 2465 536 2556 δόγμα
559 2494 591 2535 τι
614 2462 697 2536 ὥστε
719 2470 775 2537 καί
792 2467 852 2550 τὰς
870 2466 1025 2557 γυναῖκας
1042 2467 1102 2551 τὰς
1120 2467 1377 2560 περιτεμνοόσας

315 2567 357 2637 τὰ
367 2571 473 2658 βρέφη
486 2576 812 2659 κατακρημνισθῆναι
825 2563 1005 2656 μετάότῶν
1016 2565 1267 2661 προειδυίαςότι
1278 2577 1376 2640 τοῦτο

315 2671 486 2740 πείσονται
519 2673 750 2759 2ττεριέτεμον
771 2672 813 2741 τὰ
835 2672 956 2741 παιδία
987 2674 1101 2744 seret
1121 2714 1160 2724 -
1179 2675 1263 2741 λαοῦ
1284 2683 1390 2760 deest,=
1482 2718 1484 2729 =

317 2790 336 2845 4
358 2765 457 2853 αὐτὸς
478 2775 514 2840 δὲ
546 2787 564 2844 5
587 2767 763 2861 τ’νάγκαζεν
785 2774 842 2842 ἕνα
863 2775 1001 2843 ἕκαστον
1022 2781 1082 2842 τοῦ
1104 2773 1223 2855 ἔθνους
1259 2788 1278 2845 6
1300 2799 1377 2864 τρο-

318 2883 390 2968 φῶν
413 2873 627 2964 (ἐδεσμάτων)

751 3060 821 3134 Cep.
844 3061 879 3118 V.

320 3184 359 3240 10
378 3168 574 3256 παρεκέλευε
597 3183 633 3239 13
654 3161 868 3259 ἀναιρεθῆναι
890 3174 1034 3255 (εῖσθαι)
1052 3172 1183 3237 πολλῶν
1200 3168 1237 3237 δέ
1258 3192 1378 3255 συναρ-

316 3271 515 3337 καυθέντων
530 3261 577 3348 εἷς
592 3275 724 3358 πρῶτος
746 3271 783 3338 έκ
804 3277 844 3337 τί
845 3298 862 3350 ς
885 3261 1004 3358 άγέλης
1025 3268 1158 3360 έβραῖος
1179 3261 1326 3355 ὀνόματι,
1348 3282 1379 3338 in

316 3398 406 3456 marg.
437 3374 569 3438 πολλῶν
596 3361 652 3437 οὖν
684 3395 750 3438 συν.
781 3372 818 3439 ἐκ
847 3378 906 3439 τοῦ
937 3368 1032 3456 όχλου
1060 3365 1138 3461 ἀνήρ
1167 3397 1218 3451 τις
1241 3363 1379 3456 ὀνόματι

317 3471 452 3561 ἕλεάζαρ
482 3474 520 3540 έκ
548 3474 659 3560 γένους
687 3466 924 3564 ἀρχιερωσύνης
952 3471 1086 3559 νομικὸς
1114 3499 1172 3564 την
1196 3471 1379 3564 ἐπιστήμην

317 3573 532 3666 προβεβηκὼς
552 3573 649 3665 τὴν]
631 3571 761 3644 ίλικίαν
782 3577 839 3643 καί
862 3579 1000 3655 πολλοις
1016 3582 1081 3643 τῶν
1097 3577 1173 3665 περὶ
1188 3571 1245 3643 τὸν
1247 3573 1379 3698 ,edoar-

316 3705 370 3747 νυν
400 3676 456 3744 διὰ
485 3703 542 3766 την
568 3605 770 3767 φιλόσοφίαν
791 3675 951 3767 γνώριμος
971 3675 1151 3799 ιτρυσηχθη
1168 3683 1216 3765 τῷ
1237 3668 1379 3762 άντιόχω

318 3778 335 3848 ὃ
359 3782 394 3850 δὲ
417 3778 496 3848 ίδών
518 3771 616 3847 αὖτὸν
638 3779 702 3871 ἔφη
725 3795 765 3851 20
788 3806 891 3846 ταυτα
914 3773 1005 3859 ὅντως
1029 3794 1066 3849 21
1091 3785 1151 3847 σοῦ
1172 3776 1230 3869 τὴν
1247 3773 1380 3846 ίλικίαν

318 3900 358 3956 22
380 3884 462 3968 ἔχων
483 3882 597 3972 χρόνον
631 3898 671 3954 24
702 3882 929 3973 σαρκοφαγίαν
949 3889 1018 3972 (συ)
1052 3898 1091 3956 25
1115 3894 1197 3956 deest
1218 3887 1319 3968 δοκεῖ,
1349 3897 1381 3956 in

316 4001 446 4074 margine
465 3983 545 4055 εἶναι
568 3990 659 4055 δοκεῖ
681 4001 717 4057 31
743 3983 799 4054 τὸν
819 3983 974 4074 λογισμὸν
997 4001 1036 4056 32
1059 3980 1151 4066 όίξιον
1168 3992 1226 4066 τίς
1248 3980 1382 4075 ἡλικίας

317 4083 490 4176 ἀναλαβών
520 4096 593 4156 νοῦν
620 4085 857 4178 φιλοσοφήσεις
886 4087 944 4178 την
969 4096 1029 4157 τοῦ
1054 4089 1277 4178 συμφέροντος
1299 4081 1381 4157 άλί-

319 4201 426 4277 θειαν,
449 4208 479 4264 in
500 4206 628 4278 margine
650 4189 708 4258 τίν
731 4217 781 4257 σοι
808 4189 975 4282 σύμφορον
997 4185 1165 4283 ἀληθειαν.
