3000 4876
816 219 838 293 4

720 317 925 328 ——u-——n

265 418 318 495 hic
346 428 387 495 de
417 436 538 518 septem
560 428 715 498 fratribus
743 434 773 498 e‘t
796 440 898 497 matre
920 431 980 497 sub
1004 431 1161 497 Antiocho
1184 429 1225 496 ad
1249 438 1384 495 mortem

264 533 417 598 cruciatis
447 533 633 600 inscribitur
660 530 707 612 εἰς
741 531 986 619 Μακκαβαίους
1014 535 1054 600 16
1083 533 1288 600 Maccabaeis
1319 556 1385 600 non

263 635 348 722 quod
378 636 420 700 ad
450 636 572 702 Judam
601 638 873 724 Maccabaeum*)
901 640 1033 726 eiusque
1063 638 1179 701 fratres
1210 638 1383 723 quicquam

262 737 432 823 pertineat,
454 739 510 803 sed
532 740 609 826 quia
638 740 662 802 ii
684 741 756 825 pari
778 762 850 805 cum
873 740 1077 806 Maccabaeis
1105 741 1209 805 animo
1231 760 1290 824 pro
1312 737 1384 824 lege

263 839 316 904 dei
336 840 438 906 multa
458 840 562 906 fecere
584 851 616 908 et
639 842 830 928 pertulere.“

346 943 460 1030 Neque
488 940 605 1027 tamen,
640 967 716 1010 num
749 945 829 1011 haec
863 943 1034 1030 explicatio
1068 953 1153 1009 recte
1186 965 1220 1030 se
1252 942 1384 1024 habeat,

263 1043 366 1109 audeo
389 1045 578 1111 diiudicare.

348 1148 396 1212 De
420 1159 610 1234 argumento
641 1137 748 1213 autem
778 1147 879 1215 libelli
909 1169 1104 1234 quamquam
1135 1147 1258 1212 aviris
1280 1145 1382 1210 doctis

262 1252 418 1316 acerrime
440 1251 640 1336 disputatum
659 1261 716 1334 est,
739 1272 812 1315 cum
830 1249 925 1315 multi
940 1250 1190 1336 disputationem
1211 1249 1296 1313 hanc
1315 1270 1383 1312 esse

262 1350 495 1438 philosophiae,
517 1375 580 1419 666
601 1355 778 1419 orationem
801 1354 1040 1436 contenderent,
1067 1353 1144 1415 mihi
1167 1350 1296 1438 quidem
1317 1371 1383 1416 666

262 1454 326 1517 iam
348 1453 484 1520 dubium
506 1456 644 1539 videtur,
677 1459 755 1542 quin
782 1457 863 1522 haec
885 1459 987 1522 oratio
1010 1457 1050 1520 sit
1071 1456 1123 1520 die
1143 1454 1279 1520 fortasse
1301 1454 1380 1517 festo

263 1576 296 1620 re
318 1578 397 1622 vera
420 1557 541 1624 habita.
576 1559 660 1622 Nam
681 1569 719 1624 ut
741 1558 821 1622 nihil
842 1559 947 1623 dicam
969 1558 1008 1620 de
1030 1557 1228 1622 transitionis
1251 1556 1381 1642 quibus-

262 1658 336 1722 dam
357 1659 513 1743 formulis,
535 1649 614 1746 ὅπερ
637 1640 744 1726 ethos
766 1661 884 1739 ποιεῖν,
907 1649 967 1744 t‘oq
990 1656 1026 1724 ds*
1050 1655 1107 1723 καὶ
1129 1649 1381 1744 (166661ςὴμᾶ,6Ι

261 1759 531 1850 661616166666
552 1764 790 1830 adorationem
813 1763 986 1828 admodum
1009 1762 1183 1848 quadrant,
1209 1761 1251 1825 ad
1273 1760 1381 1846 dispu-

261 1864 413 1928 tationem
443 1865 662 1953 philosophiae
691 1889 755 1931 non
785 1867 870 1948 item,
906 1859 1003 1929 etiam
1034 1864 1198 1950 dispositio
1228 1861 1327 1928 libelli
1350 1873 1382 1927 et

262 1974 349 2030 totus
370 1975 462 2031 tenor
483 1966 611 2032 dicendi
632 1968 659 2032 is
682 1977 738 2050 e'st,
760 1968 816 2054 qui
840 1988 912 2032 cum
936 1965 1070 2031 eruditis
1093 1965 1275 2031 hominibus
1298 2002 1335 2012 —
1359 1965 1381 2027 ii

261 2069 346 2132 enim
377 2069 610 2155 disputationes
642 2071 864 2156 philosophiae
885 2070 994 2157 legere
1015 2069 1170 2134 solent-
1186 2069 1292 2134 minus
1313 2067 1382 2154 pla-

260 2179 344 2252 ceat,
360 2170 523 2237 audientes
538 2171 722 2237 desiderare
737 2173 890 2239 videatur
905 2171 1014 2236 furore
1026 2172 1165 2235 fanatico
1179 2170 1380 2236 obcaecatos.

261 2272 324 2337 Sed
346 2272 386 2337 de
408 2273 470 2339 hac
493 2275 621 2360 quidem
643 2298 678 2341 re
699 2285 810 2362 postea
833 2275 1016 2339 accuratius
1038 2273 1210 2338 dicendum
1232 2274 1302 2339 erit.
1342 2272 1381 2335 Id

261 2395 362 2438 unum
383 2374 531 2440 hocloco
551 2398 800 2441 commemorare
818 2375 904 2458 libet,
926 2374 1125 2460 singularem
1144 2372 1295 2438 Eleazari
1313 2397 1382 2459 sep-

261 2486 388 2563 temque
409 2479 549 2543 fratrum
570 2480 797 2559 constantiam,
832 2479 889 2564 qui
909 2486 1041 2562 propter
1069 2478 1221 2561 pietatem
1243 2495 1382 2539 summos

261 2579 385 2645 dolores
408 2580 551 2664 tulerint,
574 2582 635 2646 hac
657 2583 801 2646 oratione
824 2580 1019 2666 praedicari,
1042 2579 1089 2642 ita
1112 2588 1230 2659 tamen,
1253 2577 1382 2663 utquid

259 2685 390 2769 proprie
410 2684 616 2749 tractandum
635 2684 696 2749 sibi
711 2685 927 2769 proposuerit,
949 2694 1062 2749 auctor
1079 2681 1140 2746 snb
1162 2681 1383 2766 philosophiae

260 2786 455 2869 quaestionis
483 2786 590 2872 specie
619 2785 783 2851 commode
814 2794 911 2870 tegat.
954 2784 1127 2850 Simulavit
1149 2784 1233 2848 enim
1255 2806 1290 2847 se
1311 2804 1382 2869 pro·

245 2888 447 2961 ,nuntiatum
462 2888 627 2974 quoddam
646 2889 865 2972 (Stoicorum),
879 2887 1139 2972 perturbationes
1158 2887 1282 2951 ratione
1297 2907 1382 2950 coer·

260 2990 336 3071 ceri,
370 2990 575 3077 probandum
597 2991 659 3056 sibi
681 2993 862 3076 sumpsisse,
883 2991 981 3077 *quod
1003 3013 1076 3055 cum
1098 2988 1161 3053 alio
1190 2988 1282 3053 modo
1315 2999 1381 3053 tum

260 3090 398 3156 mirifica
419 3093 691 3160 Maccahaeorum
722 3094 904 3157 constantia
933 3093 1012 3156 dicit
1042 3091 1171 3156 firmare
1193 3113 1261 3154 sese
1286 3099 1381 3175 atque

261 3192 429 3259 declarare
450 3217 552 3280 posse,
582 3196 755 3281 Postquam
778 3197 878 3282 igitur
901 3196 993 3262 brevi
1015 3197 1180 3260 nominum
1197 3192 1380 3259 definitione

260 3297 437 3380 praemissa
458 3297 611 3363 nonnulla
635 3297 784 3384 exempla
807 3322 848 3363 ex
868 3299 1047 3363 cottidiana
1066 3299 1134 3364 vita
1152 3308 1183 3362 et
1201 3320 1241 3360 ex
1261 3295 1381 3360 dudae

260 3420 352 3463 orum
382 3398 517 3464 historia
546 3399 692 3487 protulit,
723 3421 806 3485 quae
835 3401 976 3464 maxime
1007 3401 1049 3464 ad
1078 3399 1266 3464 sententiam
1290 3416 1380 3490 suam

325 3706 329 3711 -
348 3672 371 3736 *1
391 3680 544 3739 6166616,
564 3683 652 3734 Gesch.
674 3684 765 3732 lsraels
787 3678 831 3731 ³1v
850 3699 874 3746 p.
894 3686 958 3732 402:

351 3767 443 3831 „tuda
463 3768 553 3818 dassen
573 3773 656 3832 slnzlg
674 3771 752 3820 hohor
771 3771 853 3819 Ruhm
873 3773 949 3820 sehon
964 3769 1380 3821 (16116116661616616666116666

259 3853 301 3916 ist,
332 3853 389 3902 dass
417 3869 465 3903 von
493 3860 589 3906 setnem
608 3859 736 3906 Zonemsn
754 3858 870 3919 Maggabi
887 3859 955 3906 'oder
980 3859 1049 3907 mehr
1072 3859 1208 3907 aramiisch
1226 3856 1379 3918 gesprachen

262 3942 395 4004 Maggabdl
413 3970 447 3980 -·
466 3948 599 4008 allmtthlig
617 3949 643 3996 in
663 3948 710 3995 den
729 3949 818 3997 Zeiten
836 3950 899 3997 nach
920 3951 1015 3998 seluern
1035 3948 1170 3998 Toda'sllc
1190 3945 1379 4008 1661666166-

257 4033 435 4097 bsnskimpier
453 4036 503 4083 und
523 4038 678 4098 Blutzeugcn
697 4051 742 4086 aus
761 4038 804 4086 der
819 4040 992 4098 griechischen
1011 4020 1079 4102 Zeit,
1101 4039 1163 4088 anch
1183 4051 1253 4086 wcnn
1279 4036 1316 4084 sie
1335 4045 1378 4079 vor

257 4123 334 4174 11666
353 4127 438 4187 gelcbt
457 4127 551 4190 hatten,
570 4127 721 4176 Makkabiicr
738 4132 848 4189 genennt
866 4126 992 4178 wurdsnfl
