3000 4876
281 819 678 934 snunnunmn
706 747 1234 938 oounnovnusnu

737 1017 761 1076 1.

266 1120 458 1204 Aphroditen,
489 1127 583 1200 qualis
605 1126 642 1186 ah
664 1126 791 1187 Homero
816 1127 998 1202 describitur,
1022 1129 1105 1189 deam
1129 1146 1191 1190 esse
1214 1130 1305 1193 Grae·

182 1257 282 1301 corum
310 1239 458 1315 propriam
480 1248 582 1311 'neque
611 1252 675 1298 cum
703 1236 882 1298 Phoenicum
905 1241 1023 1300 Astarte
1054 1242 1112 1301 ullo
1141 1242 1227 1302 modo
1258 1259 1307 1303 co·

182 1351 312 1412 haerere.

723 1460 761 1517 ΙΙ.

265 1571 298 1630 Iu
328 1570 424 1647 hymn.
455 1558 503 1640 εἰς
525 1556 666 1649 Δήμητρ.
697 1588 724 1629 v.
749 1572 789 1628 64
819 1570 855 1629 iis
883 1572 1026 1631 assentior
1055 1574 1103 1646 qui
1125 1572 1306 1634 scribendum

182 1701 245 1747 esse
268 1690 499 1761 proposuerunt:
528 1665 630 1740 Ἠέλι’
655 1669 808 1739 αἴδεσσαι
830 1662 993 1755 μ’ἐθέλων
1016 1670 1118 1760 correp
1139 1691 1195 1745 etc.
1319 1729 1322 1732 -

710 1870 763 1930 ΙΙΙ.

268 1980 301 2040 In
324 1981 442 2053 Quintil.
472 1981 562 2040 instit.
592 1986 665 2041 orat.
694 1979 744 2039 lih.
774 1980 811 2040 X.
841 1996 905 2055 cap.
928 1981 951 2057 Ι,
969 1983 1008 2042 38
1038 1981 1190 2055 legendum
1219 1998 1299 2042 esse:

183 2089 224 2150 Et
246 2091 374 2152 Graecos
398 2108 496 2153 omnes
518 2097 548 2152 et
568 2091 754 2166 philosophos
775 2107 941 2168 persequar.

651 2281 692 2339 IV
706 2280 823 2340 -VIL

261 2388 468 2464 Recipiendam
491 2407 554 2451 esse
576 2391 734 2466 Lipsiensis
756 2391 928 2464 scripturam
950 2387 995 2447 his
1014 2387 1129 2462 Iosephi
1149 2386 1218 2448 belli
1234 2386 1298 2446 Iud.

181 2497 268 2558 locis:
1411 2479 1413 2483 ⁸

241 2602 271 2680 a)
306 2606 371 2667 bell.
401 2608 465 2668 Iud.
496 2610 622 2687 1‚13‚7
655 2612 813 2680 tollendum
843 2626 905 2671 esse
934 2605 999 2666 coir
1028 2596 1195 2683 πολεμίων
1224 2604 1302 2684 (post

302 2703 439 2797 λάθρᾳ).

239 2821 271 2899 b)
306 2827 325 2886 l.
347 2842 372 2886 c.
395 2827 486 2905 1,14,
506 2834 520 2887 1
544 2829 697 2904 legendum
724 2847 787 2890 esse
810 2814 925 2908 ἤλπιζε
945 2816 1134 2900 πλεονεξίαν
1156 2827 1222 2906 (pro
1243 2813 1300 2910 ἤλ-

300 2932 401 3012 neoc).

238 3042 268 3120 c)
301 3050 320 3109 Ι.
343 3067 368 3110 e.
391 3051 511 3128 1,15,2
533 3039 616 3120 τέως
637 3038 837 3130 ἐθεράπευεν
858 3049 1040 3111 scribendum
1061 3067 1124 3111 esse
1146 3067 1199 3125 pro
1219 3039 1298 3108 ἐθε-

304 3146 465 3240 ράπευσεν
489 3161 566 3236 quod
588 3168 708 3237 recepta
729 3163 859 3238 praebet.

241 3267 273 3345 d)
309 3273 328 3333 1.
351 3290 376 3334 e.
399 3273 424 3350 1,
448 3274 531 3351 28,1
564 3273 722 3335 tollendum
751 3289 814 3334 esse
840 3251 1007 3350 θυγατρὸς
1035 3279 1101 3348 poet
1132 3255 1299 3350 Σαλώμης.

698 3461 778 3521 VIII.

266 3571 458 3632 Plutarchum
479 3573 509 3632 in
530 3574 589 3633 vita
607 3571 765 3632 Alcibiadis
788 3570 951 3632 enarranda
970 3571 1064 3646 ipsum
1079 3566 1299 3641 Xenophontem

180 3679 352 3743 adhibuisse.
