<?xml version="1.0" encoding="UTF-8"?>
<!DOCTYPE html PUBLIC "-//W3C//DTD XHTML 1.0 Transitional//EN"
    "http://www.w3.org/TR/xhtml1/DTD/xhtml1-transitional.dtd">
<html xmlns="http://www.w3.org/1999/xhtml" xml:lang="en" lang="en">
 <head>
  <title>
</title>
<meta http-equiv="Content-Type" content="text/html;charset=utf-8" />
  <meta name='ocr-system' content='tesseract 3.04.00' />
  <meta name='ocr-capabilities' content='ocr_page ocr_carea ocr_par ocr_line ocrx_word'/>
</head>
<body>
  <div class='ocr_page' id='page_1' title='image "./depsiosephiorat00wolsgoog_0063.png"; bbox 0 0 3000 4876; ppageno 0'>
   <div class='ocr_carea' id='block_1_1' title="bbox 774 282 898 388">
    <p class='ocr_par' dir='ltr' id='par_1_1' title="bbox 774 282 898 388">
     <span class='ocr_line' id='line_1_1' title="bbox 774 282 898 388; baseline -0.008 0"><span class='ocrx_word' id='word_1_1' title='bbox 774 282 898 388; x_wconf 71' lang='grc' dir='ltr'><strong><em>ον’</em></strong></span> 
     </span>
    </p>
   </div>
   <div class='ocr_carea' id='block_1_2' title="bbox 691 411 889 420">
    <p class='ocr_par' dir='ltr' id='par_1_2' title="bbox 691 411 889 420">
     <span class='ocr_line' id='line_1_2' title="bbox 691 411 889 420; baseline -0.015 -1"><span class='ocrx_word' id='word_1_2' title='bbox 691 411 889 420; x_wconf 72' lang='lat'>—..-.--—</span> 
     </span>
    </p>
   </div>
   <div class='ocr_carea' id='block_1_3' title="bbox 234 517 1357 713">
    <p class='ocr_par' dir='ltr' id='par_1_3' title="bbox 234 517 1357 713">
     <span class='ocr_line' id='line_1_3' title="bbox 234 517 1357 610; baseline -0.007 -15"><span class='ocrx_word' id='word_1_3' title='bbox 234 554 263 610; x_wconf 89' lang='lat' dir='ltr'><strong><em>p.</em></strong></span> <span class='ocrx_word' id='word_1_4' title='bbox 287 539 358 610; x_wconf 90' lang='grc'>292,</span> <span class='ocrx_word' id='word_1_5' title='bbox 380 538 397 595; x_wconf 87' lang='grc'><strong>7</strong></span> <span class='ocrx_word' id='word_1_6' title='bbox 428 536 510 594; x_wconf 86' lang='lat' dir='ltr'><strong>deest</strong></span> <span class='ocrx_word' id='word_1_7' title='bbox 538 521 646 606; x_wconf 89' lang='grc' dir='ltr'><strong><em>κακός,</em></strong></span> <span class='ocrx_word' id='word_1_8' title='bbox 678 533 799 607; x_wconf 77' lang='lat' dir='ltr'>praebet</span> <span class='ocrx_word' id='word_1_9' title='bbox 828 519 979 605; x_wconf 81' lang='grc' dir='ltr'><strong><em>οὶμώξεις</em></strong></span> <span class='ocrx_word' id='word_1_10' title='bbox 1012 535 1031 591; x_wconf 95' lang='grc'>8</span> <span class='ocrx_word' id='word_1_11' title='bbox 1060 533 1142 591; x_wconf 86' lang='lat' dir='ltr'><strong>deest</strong></span> <span class='ocrx_word' id='word_1_12' title='bbox 1162 517 1236 608; x_wconf 78' lang='grc' dir='ltr'><strong><em>ἔφη,</em></strong></span> <span class='ocrx_word' id='word_1_13' title='bbox 1272 529 1357 588; x_wconf 86' lang='lat' dir='ltr'><strong>deest</strong></span> 
     </span>
     <span class='ocr_line' id='line_1_4' title="bbox 234 623 609 713; baseline -0.005 -17"><span class='ocrx_word' id='word_1_14' title='bbox 234 654 298 713; x_wconf 83' lang='grc' dir='ltr'><strong><em>μου</em></strong></span> <span class='ocrx_word' id='word_1_15' title='bbox 331 642 368 698; x_wconf 92' lang='grc'><strong><em>12</em></strong></span> <span class='ocrx_word' id='word_1_16' title='bbox 390 623 505 695; x_wconf 78' lang='grc' dir='ltr'><strong><em>ἑαυτὸν</em></strong></span> <span class='ocrx_word' id='word_1_17' title='bbox 524 630 609 694; x_wconf 78' lang='grc' dir='ltr'><strong><em>δῶκε</em></strong></span> 
     </span>
    </p>
   </div>
   <div class='ocr_carea' id='block_1_4' title="bbox 298 824 1355 1023">
    <p class='ocr_par' dir='ltr' id='par_1_4' title="bbox 298 824 1355 1023">
     <span class='ocr_line' id='line_1_5' title="bbox 705 824 878 901; baseline -0.023 -14"><span class='ocrx_word' id='word_1_18' title='bbox 705 826 775 901; x_wconf 79' lang='lat' dir='ltr'>cap.</span> <span class='ocrx_word' id='word_1_19' title='bbox 795 824 878 885; x_wconf 87' lang='lat' dir='ltr'><strong>XIII.</strong></span> 
     </span>
     <span class='ocr_line' id='line_1_6' title="bbox 298 927 1355 1023; baseline -0.009 -15"><span class='ocrx_word' id='word_1_20' title='bbox 298 951 336 1010; x_wconf 94' lang='grc'>15</span> <span class='ocrx_word' id='word_1_21' title='bbox 355 938 621 1022; x_wconf 79' lang='grc' dir='ltr'><strong><em>συνομολογεῖται</em></strong></span> <span class='ocrx_word' id='word_1_22' title='bbox 646 951 683 1006; x_wconf 89' lang='grc'><strong><em>17</em></strong></span> <span class='ocrx_word' id='word_1_23' title='bbox 699 932 759 1023; x_wconf 79' lang='grc' dir='ltr'><strong><em>γὰρ</em></strong></span> <span class='ocrx_word' id='word_1_24' title='bbox 782 927 835 1002; x_wconf 70' lang='lat' dir='ltr'><strong><em>det</em></strong></span> <span class='ocrx_word' id='word_1_25' title='bbox 859 949 897 1005; x_wconf 88' lang='grc'><strong><em>18</em></strong></span> <span class='ocrx_word' id='word_1_26' title='bbox 914 932 1045 1013; x_wconf 80' lang='grc' dir='ltr'><strong><em>τούτοις</em></strong></span> <span class='ocrx_word' id='word_1_27' title='bbox 1067 948 1104 1004; x_wconf 92' lang='grc'>21</span> <span class='ocrx_word' id='word_1_28' title='bbox 1126 928 1355 1020; x_wconf 74' lang='grc' dir='ltr'><strong><em>ἐπεκράτησαν</em></strong></span> 
     </span>
    </p>
   </div>
   <div class='ocr_carea' id='block_1_5' title="bbox 297 1033 1457 1125">
    <p class='ocr_par' dir='ltr' id='par_1_5' title="bbox 297 1033 1457 1125">
     <span class='ocr_line' id='line_1_7' title="bbox 297 1033 1457 1125; baseline -0.012 -15"><span class='ocrx_word' id='word_1_29' title='bbox 297 1053 337 1110; x_wconf 87' lang='grc'><strong><em>23</em></strong></span> <span class='ocrx_word' id='word_1_30' title='bbox 358 1035 642 1125; x_wconf 75' lang='grc' dir='ltr'><strong><em>παθοκρατορίαν,</em></strong></span> <span class='ocrx_word' id='word_1_31' title='bbox 663 1042 728 1104; x_wconf 83' lang='grc' dir='ltr'><strong><em>τῶν</em></strong></span> <span class='ocrx_word' id='word_1_32' title='bbox 748 1038 809 1122; x_wconf 79' lang='grc' dir='ltr'><strong><em>μὲν</em></strong></span> <span class='ocrx_word' id='word_1_33' title='bbox 827 1033 883 1104; x_wconf 81' lang='grc' dir='ltr'><strong><em>διαί</em></strong></span> <span class='ocrx_word' id='word_1_34' title='bbox 907 1052 946 1106; x_wconf 89' lang='grc'><strong><em>24</em></strong></span> <span class='ocrx_word' id='word_1_35' title='bbox 964 1034 1025 1125; x_wconf 73' lang='grc' dir='ltr'><strong><em>γὰρ</em></strong></span> <span class='ocrx_word' id='word_1_36' title='bbox 1042 1037 1106 1121; x_wconf 83' lang='grc' dir='ltr'>(δὲ)</span> <span class='ocrx_word' id='word_1_37' title='bbox 1128 1049 1168 1106; x_wconf 92' lang='grc'><strong><em>25</em></strong></span> <span class='ocrx_word' id='word_1_38' title='bbox 1185 1046 1269 1106; x_wconf 90' lang='lat' dir='ltr'><strong>deest</strong></span> <span class='ocrx_word' id='word_1_39' title='bbox 1286 1039 1337 1103; x_wconf 64' lang='lat' dir='ltr'><strong><em>vn*</em></strong></span> <span class='ocrx_word' id='word_1_40' title='bbox 1338 1061 1355 1100; x_wconf 99' lang='grc' dir='ltr'><strong><em>ν</em></strong></span> <span class='ocrx_word' id='word_1_41' title='bbox 1454 1090 1457 1096; x_wconf 93' lang='grc'>.</span> 
     </span>
    </p>
   </div>
   <div class='ocr_carea' id='block_1_6' title="bbox 232 1134 1452 1859">
    <p class='ocr_par' dir='ltr' id='par_1_6' title="bbox 295 1134 1355 1328">
     <span class='ocr_line' id='line_1_8' title="bbox 298 1134 1355 1229; baseline -0.008 -17"><span class='ocrx_word' id='word_1_42' title='bbox 298 1154 338 1212; x_wconf 86' lang='grc'><strong><em>30</em></strong></span> <span class='ocrx_word' id='word_1_43' title='bbox 359 1137 611 1228; x_wconf 63' lang='grc' dir='ltr'><strong><em>παρεθάρρυνον</em></strong></span> <span class='ocrx_word' id='word_1_44' title='bbox 633 1153 670 1210; x_wconf 86' lang='grc'>31</span> <span class='ocrx_word' id='word_1_45' title='bbox 690 1141 775 1227; x_wconf 85' lang='grc' dir='ltr'><strong><em>περὶ,</em></strong></span> <span class='ocrx_word' id='word_1_46' title='bbox 793 1134 903 1229; x_wconf 75' lang='grc' dir='ltr'><strong><em>(ὑπὲρ)</em></strong></span> <span class='ocrx_word' id='word_1_47' title='bbox 922 1134 1138 1228; x_wconf 76' lang='grc' dir='ltr'><em>μιμησόμεθα</em></span> <span class='ocrx_word' id='word_1_48' title='bbox 1161 1151 1200 1209; x_wconf 84' lang='grc'><strong><em>32</em></strong></span> <span class='ocrx_word' id='word_1_49' title='bbox 1224 1134 1355 1205; x_wconf 85' lang='grc' dir='ltr'><strong><em>νεανίσ-</em></strong></span> 
     </span>
     <span class='ocr_line' id='line_1_9' title="bbox 295 1239 637 1328; baseline -0.006 -18"><span class='ocrx_word' id='word_1_50' title='bbox 295 1268 381 1328; x_wconf 86' lang='grc' dir='ltr'><strong><em>κους,</em></strong></span> <span class='ocrx_word' id='word_1_51' title='bbox 403 1239 637 1320; x_wconf 78' lang='grc' dir='ltr'><strong><em>ίσοπολίτιδος.</em></strong></span> 
     </span>
    </p>

    <p class='ocr_par' dir='ltr' id='par_1_7' title="bbox 232 1351 1452 1859">
     <span class='ocr_line' id='line_1_10' title="bbox 232 1351 1352 1449; baseline -0.008 -16"><span class='ocrx_word' id='word_1_52' title='bbox 232 1391 260 1447; x_wconf 88' lang='lat' dir='ltr'><strong><em>p.</em></strong></span> <span class='ocrx_word' id='word_1_53' title='bbox 284 1375 388 1448; x_wconf 85' lang='grc'>293,3</span> <span class='ocrx_word' id='word_1_54' title='bbox 413 1357 667 1449; x_wconf 75' lang='grc' dir='ltr'><strong><em>καρτερήσομεν,</em></strong></span> <span class='ocrx_word' id='word_1_55' title='bbox 696 1373 726 1430; x_wconf 91' lang='lat' dir='ltr'><strong><em>in</em></strong></span> <span class='ocrx_word' id='word_1_56' title='bbox 747 1373 877 1443; x_wconf 80' lang='lat' dir='ltr'>margine</span> <span class='ocrx_word' id='word_1_57' title='bbox 899 1354 1157 1448; x_wconf 73' lang='grc' dir='ltr'><strong><em>ὑπομιμνήσκων</em></strong></span> <span class='ocrx_word' id='word_1_58' title='bbox 1187 1371 1205 1427; x_wconf 96' lang='grc'>5</span> <span class='ocrx_word' id='word_1_59' title='bbox 1227 1367 1312 1428; x_wconf 88' lang='lat' dir='ltr'><strong>deest</strong></span> <span class='ocrx_word' id='word_1_60' title='bbox 1334 1351 1352 1424; x_wconf 88' lang='lat'><strong><em>5</em></strong></span> 
     </span>
     <span class='ocr_line' id='line_1_11' title="bbox 296 1453 1353 1551; baseline -0.007 -16"><span class='ocrx_word' id='word_1_61' title='bbox 296 1478 314 1534; x_wconf 92' lang='grc'>6</span> <span class='ocrx_word' id='word_1_62' title='bbox 328 1476 410 1535; x_wconf 85' lang='lat' dir='ltr'><strong>deest</strong></span> <span class='ocrx_word' id='word_1_63' title='bbox 419 1464 485 1546; x_wconf 85' lang='grc' dir='ltr'><strong><em>καὶ,</em></strong></span> <span class='ocrx_word' id='word_1_64' title='bbox 504 1475 626 1548; x_wconf 85' lang='lat' dir='ltr'><strong>preebet</strong></span> <span class='ocrx_word' id='word_1_65' title='bbox 640 1464 821 1551; x_wconf 77' lang='grc' dir='ltr'><strong><em>ἐφορῶντες</em></strong></span> <span class='ocrx_word' id='word_1_66' title='bbox 835 1456 917 1548; x_wconf 82' lang='grc' dir='ltr'><strong><em>ὁμοῦ</em></strong></span> <span class='ocrx_word' id='word_1_67' title='bbox 941 1477 980 1533; x_wconf 95' lang='grc'>10</span> <span class='ocrx_word' id='word_1_68' title='bbox 989 1453 1206 1545; x_wconf 74' lang='grc' dir='ltr'><strong><em>ἀποκτέννειν,</em></strong></span> <span class='ocrx_word' id='word_1_69' title='bbox 1222 1474 1307 1535; x_wconf 87' lang='lat' dir='ltr'><strong>deest</strong></span> <span class='ocrx_word' id='word_1_70' title='bbox 1314 1458 1353 1530; x_wconf 83' lang='grc' dir='ltr'><strong><em>τὸ</em></strong></span> 
     </span>
     <span class='ocr_line' id='line_1_12' title="bbox 295 1555 1354 1651; baseline -0.001 -18"><span class='ocrx_word' id='word_1_71' title='bbox 295 1572 390 1651; x_wconf 82' lang='grc' dir='ltr'><strong><em>σῶμα</em></strong></span> <span class='ocrx_word' id='word_1_72' title='bbox 399 1577 475 1650; x_wconf 89' lang='lat' dir='ltr'><strong>qnod</strong></span> <span class='ocrx_word' id='word_1_73' title='bbox 482 1578 512 1636; x_wconf 92' lang='lat' dir='ltr'><strong><em>in</em></strong></span> <span class='ocrx_word' id='word_1_74' title='bbox 523 1577 651 1649; x_wconf 77' lang='lat' dir='ltr'><strong>mergIne</strong></span> <span class='ocrx_word' id='word_1_75' title='bbox 660 1582 756 1637; x_wconf 80' lang='lat' dir='ltr'><strong>exstet</strong></span> <span class='ocrx_word' id='word_1_76' title='bbox 780 1555 1085 1643; x_wconf 79' lang='grc' dir='ltr'><strong><em>15ι1εεεῑείς-αὗτῶν</em></strong></span> <span class='ocrx_word' id='word_1_77' title='bbox 1104 1557 1354 1636; x_wconf 74' lang='grc' dir='ltr'><strong><em>17οεεεεαῦταῖν</em></strong></span> 
     </span>
     <span class='ocr_line' id='line_1_13' title="bbox 298 1661 1452 1756; baseline -0.002 -17"><span class='ocrx_word' id='word_1_78' title='bbox 298 1682 335 1739; x_wconf 92' lang='grc'><strong><em>19</em></strong></span> <span class='ocrx_word' id='word_1_79' title='bbox 358 1661 531 1756; x_wconf 73' lang='grc' dir='ltr'><strong><em>ἀγνοεῖται,</em></strong></span> <span class='ocrx_word' id='word_1_80' title='bbox 560 1681 591 1738; x_wconf 93' lang='lat' dir='ltr'><strong><em>in</em></strong></span> <span class='ocrx_word' id='word_1_81' title='bbox 612 1680 740 1753; x_wconf 77' lang='lat' dir='ltr'><strong>margine</strong></span> <span class='ocrx_word' id='word_1_82' title='bbox 766 1693 802 1735; x_wconf 87' lang='grc' dir='ltr'><strong><em>τε</em></strong></span> <span class='ocrx_word' id='word_1_83' title='bbox 836 1682 873 1737; x_wconf 93' lang='grc'><strong><em>21</em></strong></span> <span class='ocrx_word' id='word_1_84' title='bbox 897 1664 954 1734; x_wconf 78' lang='grc' dir='ltr'><strong><em>διὰ</em></strong></span> <span class='ocrx_word' id='word_1_85' title='bbox 975 1674 1048 1749; x_wconf 83' lang='grc' dir='ltr'><strong><em>τιῦν,</em></strong></span> <span class='ocrx_word' id='word_1_86' title='bbox 1078 1669 1280 1754; x_wconf 75' lang='grc' dir='ltr'><strong><em>γεννομένοις</em></strong></span> <span class='ocrx_word' id='word_1_87' title='bbox 1313 1682 1352 1737; x_wconf 93' lang='grc'><strong><em>22</em></strong></span> <span class='ocrx_word' id='word_1_88' title='bbox 1448 1706 1452 1719; x_wconf 84' lang='lat'><em>·</em></span> 
     </span>
     <span class='ocr_line' id='line_1_14' title="bbox 295 1761 1348 1859; baseline 0.004 -23"><span class='ocrx_word' id='word_1_89' title='bbox 295 1768 484 1859; x_wconf 76' lang='grc' dir='ltr'><strong><em>φονεύσασα</em></strong></span> <span class='ocrx_word' id='word_1_90' title='bbox 512 1783 550 1840; x_wconf 88' lang='grc'><strong><em>26</em></strong></span> <span class='ocrx_word' id='word_1_91' title='bbox 574 1762 642 1838; x_wconf 81' lang='grc' dir='ltr'><strong><em>ἀπὸ</em></strong></span> <span class='ocrx_word' id='word_1_92' title='bbox 658 1775 724 1836; x_wconf 83' lang='grc' dir='ltr'><strong><em>τῶν</em></strong></span> <span class='ocrx_word' id='word_1_93' title='bbox 752 1782 792 1839; x_wconf 88' lang='grc'><strong><em>28</em></strong></span> <span class='ocrx_word' id='word_1_94' title='bbox 814 1761 1067 1856; x_wconf 79' lang='grc' dir='ltr'><strong><em>ἇγκαλισμοίτιον</em></strong></span> <span class='ocrx_word' id='word_1_95' title='bbox 1089 1784 1128 1840; x_wconf 89' lang='grc'><strong><em>29</em></strong></span> <span class='ocrx_word' id='word_1_96' title='bbox 1152 1770 1289 1859; x_wconf 77' lang='grc' dir='ltr'><strong><em>καὶτῆς</em></strong></span> <span class='ocrx_word' id='word_1_97' title='bbox 1312 1783 1348 1840; x_wconf 85' lang='grc'>31</span> 
     </span>
    </p>
   </div>
   <div class='ocr_carea' id='block_1_7' title="bbox 295 1863 1500 1979">
    <p class='ocr_par' dir='ltr' id='par_1_8' title="bbox 295 1863 1500 1979">
     <span class='ocr_line' id='line_1_15' title="bbox 295 1863 1500 1979; baseline 0.005 -42"><span class='ocrx_word' id='word_1_98' title='bbox 295 1878 495 1958; x_wconf 75' lang='grc' dir='ltr'><strong><em>συμπαθοῦς</em></strong></span> <span class='ocrx_word' id='word_1_99' title='bbox 516 1886 555 1943; x_wconf 92' lang='grc'><strong><em>32</em></strong></span> <span class='ocrx_word' id='word_1_100' title='bbox 578 1884 608 1941; x_wconf 92' lang='lat' dir='ltr'><strong><em>in</em></strong></span> <span class='ocrx_word' id='word_1_101' title='bbox 628 1883 757 1956; x_wconf 78' lang='lat' dir='ltr'><strong>mergIne</strong></span> <span class='ocrx_word' id='word_1_102' title='bbox 779 1896 835 1959; x_wconf 75' lang='grc' dir='ltr'><strong><em>γρε</em></strong></span> <span class='ocrx_word' id='word_1_103' title='bbox 858 1870 1131 1958; x_wconf 75' lang='grc' dir='ltr'><strong><em>σομπαθίστερον</em></strong></span> <span class='ocrx_word' id='word_1_104' title='bbox 1146 1867 1230 1960; x_wconf 86' lang='grc' dir='ltr'><strong><em>πρὸς</em></strong></span> <span class='ocrx_word' id='word_1_105' title='bbox 1251 1863 1350 1960; x_wconf 73' lang='grc' dir='ltr'><strong><em>ἄλλη·</em></strong></span> <span class='ocrx_word' id='word_1_106' title='bbox 1406 1960 1410 1965; x_wconf 86' lang='lat'>.</span> <span class='ocrx_word' id='word_1_107' title='bbox 1498 1967 1500 1979; x_wconf 80' lang='lat'>.</span> 
     </span>
    </p>
   </div>
   <div class='ocr_carea' id='block_1_8' title="bbox 231 1969 1350 2283">
    <p class='ocr_par' dir='ltr' id='par_1_9' title="bbox 231 1969 1350 2283">
     <span class='ocr_line' id='line_1_16' title="bbox 294 1969 748 2064; baseline -0.004 -22"><span class='ocrx_word' id='word_1_108' title='bbox 294 1979 370 2055; x_wconf 81' lang='grc' dir='ltr'><strong><em>λοος</em></strong></span> <span class='ocrx_word' id='word_1_109' title='bbox 390 1972 449 2064; x_wconf 77' lang='grc' dir='ltr'><strong><em>την</em></strong></span> <span class='ocrx_word' id='word_1_110' title='bbox 471 1969 623 2059; x_wconf 81' lang='grc' dir='ltr'><strong><em>ὁμόνοιαν</em></strong></span> <span class='ocrx_word' id='word_1_111' title='bbox 645 1972 748 2058; x_wconf 76' lang='grc' dir='ltr'><strong><em>ἔσχον.</em></strong></span> 
     </span>
     <span class='ocr_line' id='line_1_17' title="bbox 231 2083 1350 2180; baseline -0.004 -17"><span class='ocrx_word' id='word_1_112' title='bbox 231 2123 260 2180; x_wconf 94' lang='lat' dir='ltr'><strong><em>p.</em></strong></span> <span class='ocrx_word' id='word_1_113' title='bbox 285 2108 388 2180; x_wconf 87' lang='grc'>294,4</span> <span class='ocrx_word' id='word_1_114' title='bbox 410 2083 526 2176; x_wconf 69' lang='lat' dir='ltr'><strong>adver,</strong></span> <span class='ocrx_word' id='word_1_115' title='bbox 547 2105 578 2164; x_wconf 94' lang='lat' dir='ltr'><strong><em>in</em></strong></span> <span class='ocrx_word' id='word_1_116' title='bbox 589 2105 717 2177; x_wconf 79' lang='lat' dir='ltr'><strong>margine</strong></span> <span class='ocrx_word' id='word_1_117' title='bbox 730 2087 858 2160; x_wconf 79' lang='grc' dir='ltr'><strong><em>είίνοιαν</em></strong></span> <span class='ocrx_word' id='word_1_118' title='bbox 873 2093 929 2158; x_wconf 88' lang='grc' dir='ltr'><strong><em>καί</em></strong></span> <span class='ocrx_word' id='word_1_119' title='bbox 953 2105 971 2162; x_wconf 94' lang='grc'>8</span> <span class='ocrx_word' id='word_1_120' title='bbox 988 2087 1209 2173; x_wconf 82' lang='grc' dir='ltr'><strong><em>συναυξόντων</em></strong></span> <span class='ocrx_word' id='word_1_121' title='bbox 1231 2106 1250 2164; x_wconf 90' lang='grc'>9</span> <span class='ocrx_word' id='word_1_122' title='bbox 1266 2087 1350 2159; x_wconf 78' lang='grc' dir='ltr'><strong><em>ὓπο-</em></strong></span> 
     </span>
     <span class='ocr_line' id='line_1_18' title="bbox 293 2190 1073 2283; baseline -0.008 -18"><span class='ocrx_word' id='word_1_123' title='bbox 293 2195 461 2283; x_wconf 78' lang='grc' dir='ltr'><strong><em>λειμμὲνοι</em></strong></span> <span class='ocrx_word' id='word_1_124' title='bbox 485 2209 523 2266; x_wconf 91' lang='grc'><strong><em>10</em></strong></span> <span class='ocrx_word' id='word_1_125' title='bbox 544 2195 628 2282; x_wconf 81' lang='grc' dir='ltr'><strong><em>(καί)</em></strong></span> <span class='ocrx_word' id='word_1_126' title='bbox 653 2210 689 2265; x_wconf 92' lang='lat' dir='ltr'><strong><em>ll</em></strong></span> <span class='ocrx_word' id='word_1_127' title='bbox 713 2206 795 2266; x_wconf 84' lang='lat' dir='ltr'>deest</span> <span class='ocrx_word' id='word_1_128' title='bbox 817 2195 852 2262; x_wconf 80' lang='grc' dir='ltr'><strong><em>δὲ</em></strong></span> <span class='ocrx_word' id='word_1_129' title='bbox 877 2208 915 2265; x_wconf 90' lang='grc'><strong><em>13</em></strong></span> <span class='ocrx_word' id='word_1_130' title='bbox 938 2190 994 2261; x_wconf 83' lang='grc' dir='ltr'><strong><em>τὸν</em></strong></span> <span class='ocrx_word' id='word_1_131' title='bbox 1015 2199 1073 2273; x_wconf 74' lang='grc' dir='ltr'><strong><em>τίς</em></strong></span> 
     </span>
    </p>
   </div>
   <div class='ocr_carea' id='block_1_9' title="bbox 228 2397 1365 3737">
    <p class='ocr_par' dir='ltr' id='par_1_10' title="bbox 704 2397 874 2471">
     <span class='ocr_line' id='line_1_19' title="bbox 704 2397 874 2471; baseline 0.012 -15"><span class='ocrx_word' id='word_1_132' title='bbox 704 2397 773 2471; x_wconf 85' lang='lat' dir='ltr'>cap.</span> <span class='ocrx_word' id='word_1_133' title='bbox 795 2397 874 2458; x_wconf 84' lang='lat' dir='ltr'><strong><em>XIV.</em></strong></span> 
     </span>
    </p>

    <p class='ocr_par' dir='ltr' id='par_1_11' title="bbox 291 2501 1354 3108">
     <span class='ocr_line' id='line_1_20' title="bbox 296 2501 1353 2596; baseline -0.008 -16"><span class='ocrx_word' id='word_1_134' title='bbox 296 2523 333 2580; x_wconf 88' lang='lat'><strong><em>16</em></strong></span> <span class='ocrx_word' id='word_1_135' title='bbox 357 2503 556 2596; x_wconf 85' lang='grc' dir='ltr'><strong><em>ε’ναρμόστοο</em></strong></span> <span class='ocrx_word' id='word_1_136' title='bbox 594 2520 630 2575; x_wconf 88' lang='grc'><strong><em>17</em></strong></span> <span class='ocrx_word' id='word_1_137' title='bbox 653 2505 691 2572; x_wconf 76' lang='grc' dir='ltr'><strong><em>ἐκ</em></strong></span> <span class='ocrx_word' id='word_1_138' title='bbox 706 2511 772 2572; x_wconf 82' lang='grc' dir='ltr'><strong><em>τῶν</em></strong></span> <span class='ocrx_word' id='word_1_139' title='bbox 802 2502 887 2573; x_wconf 75' lang='grc' dir='ltr'><strong><em>ἑπτὰ</em></strong></span> <span class='ocrx_word' id='word_1_140' title='bbox 916 2504 1095 2593; x_wconf 86' lang='grc' dir='ltr'><strong><em>μειρακίων</em></strong></span> <span class='ocrx_word' id='word_1_141' title='bbox 1131 2517 1169 2574; x_wconf 87' lang='lat'><strong><em>18</em></strong></span> <span class='ocrx_word' id='word_1_142' title='bbox 1189 2503 1274 2592; x_wconf 85' lang='grc' dir='ltr'><strong><em>πρὸς</em></strong></span> <span class='ocrx_word' id='word_1_143' title='bbox 1296 2501 1353 2574; x_wconf 85' lang='grc' dir='ltr'><strong><em>τὸν</em></strong></span> 
     </span>
     <span class='ocr_line' id='line_1_21' title="bbox 292 2598 1354 2698; baseline -0.006 -18"><span class='ocrx_word' id='word_1_144' title='bbox 292 2609 440 2680; x_wconf 74' lang='grc' dir='ltr'><strong><em>θάνατον</em></strong></span> <span class='ocrx_word' id='word_1_145' title='bbox 470 2604 611 2698; x_wconf 75' lang='grc' dir='ltr'><strong><em>ὤκνησεν</em></strong></span> <span class='ocrx_word' id='word_1_146' title='bbox 633 2600 716 2676; x_wconf 78' lang='grc' dir='ltr'><strong><em>ἄλλοί</em></strong></span> <span class='ocrx_word' id='word_1_147' title='bbox 749 2622 788 2679; x_wconf 85' lang='grc'><strong><em>23</em></strong></span> <span class='ocrx_word' id='word_1_148' title='bbox 812 2622 889 2693; x_wconf 57' lang='lat' dir='ltr'><strong><em>timp.</em></strong></span> <span class='ocrx_word' id='word_1_149' title='bbox 913 2600 1085 2676; x_wconf 63' lang='grc' dir='ltr'><strong><em>ἆθανοίτοο</em></strong></span> <span class='ocrx_word' id='word_1_150' title='bbox 1106 2614 1164 2698; x_wconf 75' lang='grc' dir='ltr'><strong><em>τῆς</em></strong></span> <span class='ocrx_word' id='word_1_151' title='bbox 1185 2598 1354 2694; x_wconf 73' lang='grc' dir='ltr'><strong><em>εὐσεβείας</em></strong></span> 
     </span>
     <span class='ocr_line' id='line_1_22' title="bbox 294 2705 1354 2800; baseline -0.007 -16"><span class='ocrx_word' id='word_1_152' title='bbox 294 2729 333 2784; x_wconf 89' lang='grc'><strong><em>24</em></strong></span> <span class='ocrx_word' id='word_1_153' title='bbox 355 2709 495 2800; x_wconf 81' lang='grc' dir='ltr'><strong><em>πανοίμε</em></strong></span> <span class='ocrx_word' id='word_1_154' title='bbox 525 2724 564 2782; x_wconf 88' lang='grc'><strong><em>25</em></strong></span> <span class='ocrx_word' id='word_1_155' title='bbox 587 2708 729 2797; x_wconf 73' lang='grc' dir='ltr'><strong><em>ἕβδομός</em></strong></span> <span class='ocrx_word' id='word_1_156' title='bbox 759 2724 798 2780; x_wconf 90' lang='grc'><strong><em>29</em></strong></span> <span class='ocrx_word' id='word_1_157' title='bbox 822 2707 998 2777; x_wconf 85' lang='grc' dir='ltr'><strong><em>νεανίσκων</em></strong></span> <span class='ocrx_word' id='word_1_158' title='bbox 1031 2725 1070 2781; x_wconf 89' lang='grc'><strong><em>30</em></strong></span> <span class='ocrx_word' id='word_1_159' title='bbox 1093 2706 1192 2795; x_wconf 87' lang='grc' dir='ltr'><strong><em>μόνον</em></strong></span> <span class='ocrx_word' id='word_1_160' title='bbox 1214 2705 1354 2799; x_wconf 79' lang='grc' dir='ltr'><strong><em>ὁρῶντες</em></strong></span> 
     </span>
     <span class='ocr_line' id='line_1_23' title="bbox 291 2803 1352 2900; baseline -0.004 -18"><span class='ocrx_word' id='word_1_161' title='bbox 291 2807 363 2882; x_wconf 77' lang='grc' dir='ltr'><strong><em>ἀλλ’</em></strong></span> <span class='ocrx_word' id='word_1_162' title='bbox 385 2805 461 2882; x_wconf 79' lang='lat'><em>0555</em></span> <span class='ocrx_word' id='word_1_163' title='bbox 482 2810 580 2900; x_wconf 86' lang='grc' dir='ltr'><strong><em>μόνον</em></strong></span> <span class='ocrx_word' id='word_1_164' title='bbox 603 2804 776 2892; x_wconf 73' lang='grc' dir='ltr'><strong><em>ἀκούοντες</em></strong></span> <span class='ocrx_word' id='word_1_165' title='bbox 798 2808 863 2894; x_wconf 89' lang='grc' dir='ltr'><strong><em>τόν,</em></strong></span> <span class='ocrx_word' id='word_1_166' title='bbox 886 2824 916 2882; x_wconf 92' lang='lat' dir='ltr'><strong><em>in</em></strong></span> <span class='ocrx_word' id='word_1_167' title='bbox 930 2825 1059 2896; x_wconf 80' lang='lat' dir='ltr'><strong>margine</strong></span> <span class='ocrx_word' id='word_1_168' title='bbox 1077 2812 1108 2880; x_wconf 85' lang='lat'><strong><em>05</em></strong></span> <span class='ocrx_word' id='word_1_169' title='bbox 1130 2813 1167 2879; x_wconf 78' lang='grc' dir='ltr'><strong><em>δὲ</em></strong></span> <span class='ocrx_word' id='word_1_170' title='bbox 1189 2803 1227 2880; x_wconf 87' lang='lat'><strong><em>05</em></strong></span> <span class='ocrx_word' id='word_1_171' title='bbox 1248 2808 1352 2896; x_wconf 90' lang='grc' dir='ltr'><strong><em>μόνον</em></strong></span> 
     </span>
     <span class='ocr_line' id='line_1_24' title="bbox 291 2905 1354 3005; baseline -0.002 -22"><span class='ocrx_word' id='word_1_172' title='bbox 291 2908 464 2996; x_wconf 74' lang='grc' dir='ltr'><strong><em>ἀκούοντες</em></strong></span> <span class='ocrx_word' id='word_1_173' title='bbox 492 2908 575 2983; x_wconf 76' lang='grc' dir='ltr'><strong><em>ἀλλὰ</em></strong></span> <span class='ocrx_word' id='word_1_174' title='bbox 601 2916 657 2983; x_wconf 86' lang='grc' dir='ltr'><strong><em>καί</em></strong></span> <span class='ocrx_word' id='word_1_175' title='bbox 680 2909 816 3005; x_wconf 79' lang='grc' dir='ltr'><strong><em>ὁρῶντες</em></strong></span> <span class='ocrx_word' id='word_1_176' title='bbox 836 2912 892 2982; x_wconf 84' lang='grc' dir='ltr'><strong><em>τὸν</em></strong></span> <span class='ocrx_word' id='word_1_177' title='bbox 914 2921 1113 3004; x_wconf 85' lang='grc' dir='ltr'><strong><em>παραχρῆμα</em></strong></span> <span class='ocrx_word' id='word_1_178' title='bbox 1135 2921 1193 3003; x_wconf 75' lang='grc' dir='ltr'><strong><em>τῆς</em></strong></span> <span class='ocrx_word' id='word_1_179' title='bbox 1214 2905 1354 3004; x_wconf 74' lang='grc' dir='ltr'><strong><em>ἀπειλῆς</em></strong></span> 
     </span>
     <span class='ocr_line' id='line_1_25' title="bbox 291 3014 1353 3108; baseline -0.002 -23"><span class='ocrx_word' id='word_1_180' title='bbox 291 3015 386 3107; x_wconf 79' lang='grc' dir='ltr'><strong><em>λόγον</em></strong></span> <span class='ocrx_word' id='word_1_181' title='bbox 403 3016 639 3108; x_wconf 78' lang='grc' dir='ltr'><strong><em>ἐμακαρίζοντο</em></strong></span> <span class='ocrx_word' id='word_1_182' title='bbox 657 3014 908 3102; x_wconf 74' lang='grc' dir='ltr'><strong><em>θαυμαζόμενον</em></strong></span> <span class='ocrx_word' id='word_1_183' title='bbox 927 3023 999 3097; x_wconf 82' lang='grc' dir='ltr'><strong><em>πιῦς</em></strong></span> <span class='ocrx_word' id='word_1_184' title='bbox 1016 3014 1200 3101; x_wconf 75' lang='grc' dir='ltr'><strong><em>πάσχοντες</em></strong></span> <span class='ocrx_word' id='word_1_185' title='bbox 1217 3016 1353 3104; x_wconf 77' lang='grc' dir='ltr'><strong><em>ἐνεκαρ-</em></strong></span> 
     </span>
    </p>

    <p class='ocr_par' dir='ltr' id='par_1_12' title="bbox 228 3118 1354 3737">
     <span class='ocr_line' id='line_1_26' title="bbox 290 3118 1255 3211; baseline -0.003 -23"><span class='ocrx_word' id='word_1_186' title='bbox 290 3121 403 3211; x_wconf 80' lang='grc' dir='ltr'><strong><em>τέροον</em></strong></span> <span class='ocrx_word' id='word_1_187' title='bbox 424 3121 481 3187; x_wconf 90' lang='grc' dir='ltr'><strong><em>καὶ</em></strong></span> <span class='ocrx_word' id='word_1_188' title='bbox 502 3126 600 3188; x_wconf 83' lang='grc' dir='ltr'><strong><em>τοῦτο</em></strong></span> <span class='ocrx_word' id='word_1_189' title='bbox 623 3134 660 3191; x_wconf 89' lang='grc'><strong><em>31</em></strong></span> <span class='ocrx_word' id='word_1_190' title='bbox 686 3131 768 3190; x_wconf 80' lang='lat' dir='ltr'><strong>deest</strong></span> <span class='ocrx_word' id='word_1_191' title='bbox 789 3126 846 3209; x_wconf 73' lang='grc' dir='ltr'><strong><em>τῆς</em></strong></span> <span class='ocrx_word' id='word_1_192' title='bbox 868 3138 898 3190; x_wconf 92' lang='lat' dir='ltr'><strong>et</strong></span> <span class='ocrx_word' id='word_1_193' title='bbox 920 3118 1255 3208; x_wconf 80' lang='grc' dir='ltr'><strong><em>ε’μακαρίζοντο·πῶς.</em></strong></span> 
     </span>
     <span class='ocr_line' id='line_1_27' title="bbox 228 3232 1350 3360; baseline -0.004 -50"><span class='ocrx_word' id='word_1_194' title='bbox 228 3269 256 3326; x_wconf 93' lang='lat' dir='ltr'>p</span> <span class='ocrx_word' id='word_1_195' title='bbox 278 3253 349 3327; x_wconf 89' lang='grc'>295,</span> <span class='ocrx_word' id='word_1_196' title='bbox 362 3255 380 3311; x_wconf 91' lang='grc'>2</span> <span class='ocrx_word' id='word_1_197' title='bbox 403 3239 509 3308; x_wconf 82' lang='grc' dir='ltr'><strong><em>διέλυε</em></strong></span> <span class='ocrx_word' id='word_1_198' title='bbox 531 3254 548 3310; x_wconf 91' lang='grc'>3</span> <span class='ocrx_word' id='word_1_199' title='bbox 570 3251 652 3311; x_wconf 85' lang='lat' dir='ltr'><strong>deest</strong></span> <span class='ocrx_word' id='word_1_200' title='bbox 639 3232 780 3310; x_wconf 74' lang='lat' dir='ltr'><em>ta5v5v</em></span> <span class='ocrx_word' id='word_1_201' title='bbox 805 3255 822 3309; x_wconf 87' lang='grc'>7</span> <span class='ocrx_word' id='word_1_202' title='bbox 844 3235 863 3328; x_wconf 74' lang='grc' dir='ltr'>ἡ</span> <span class='ocrx_word' id='word_1_203' title='bbox 884 3237 950 3360; x_wconf 50' lang='grc' dir='ltr'><strong><em>γὰρ)</em></strong></span> <span class='ocrx_word' id='word_1_204' title='bbox 965 3237 1078 3328; x_wconf 74' lang='grc' dir='ltr'><strong><em>μήτηρ</em></strong></span> <span class='ocrx_word' id='word_1_205' title='bbox 1094 3254 1131 3310; x_wconf 87' lang='grc'><strong><em>10</em></strong></span> <span class='ocrx_word' id='word_1_206' title='bbox 1146 3245 1211 3306; x_wconf 84' lang='grc' dir='ltr'><strong><em>τῶν</em></strong></span> <span class='ocrx_word' id='word_1_207' title='bbox 1225 3237 1350 3306; x_wconf 77' lang='grc' dir='ltr'><strong><em>τέκνων</em></strong></span> 
     </span>
     <span class='ocr_line' id='line_1_28' title="bbox 295 3335 1354 3432; baseline -0.001 -20.98"><span class='ocrx_word' id='word_1_208' title='bbox 295 3341 387 3414; x_wconf 86' lang='grc' dir='ltr'>11τὰ</span> <span class='ocrx_word' id='word_1_209' title='bbox 400 3338 503 3410; x_wconf 78' lang='grc' dir='ltr'><strong><em>λοιπα</em></strong></span> <span class='ocrx_word' id='word_1_210' title='bbox 514 3337 615 3431; x_wconf 76' lang='grc' dir='ltr'><strong><em>ζηια</em></strong></span> <span class='ocrx_word' id='word_1_211' title='bbox 601 3367 718 3427; x_wconf 89' lang='grc' dir='ltr'><strong><em>ομοιαν</em></strong></span> <span class='ocrx_word' id='word_1_212' title='bbox 728 3368 785 3432; x_wconf 89' lang='grc' dir='ltr'><strong><em>την</em></strong></span> <span class='ocrx_word' id='word_1_213' title='bbox 803 3340 849 3422; x_wconf 81' lang='grc' dir='ltr'><strong><em>εἰς</em></strong></span> <span class='ocrx_word' id='word_1_214' title='bbox 875 3358 912 3412; x_wconf 89' lang='grc'>14</span> <span class='ocrx_word' id='word_1_215' title='bbox 936 3335 1173 3431; x_wconf 81' lang='grc' dir='ltr'><strong><em>ὀροφοιτοῦντα</em></strong></span> <span class='ocrx_word' id='word_1_216' title='bbox 1207 3353 1245 3412; x_wconf 95' lang='grc'><strong><em>15</em></strong></span> <span class='ocrx_word' id='word_1_217' title='bbox 1268 3352 1354 3413; x_wconf 80' lang='lat' dir='ltr'><strong>deest</strong></span> 
     </span>
     <span class='ocr_line' id='line_1_29' title="bbox 291 3416 1365 3567; baseline 0 -57"><span class='ocrx_word' id='word_1_218' title='bbox 291 3449 356 3511; x_wconf 82' lang='grc' dir='ltr'><strong><em>τῶν</em></strong></span> <span class='ocrx_word' id='word_1_219' title='bbox 388 3458 425 3515; x_wconf 95' lang='grc'>16</span> <span class='ocrx_word' id='word_1_220' title='bbox 449 3444 504 3510; x_wconf 85' lang='grc' dir='ltr'><strong><em>καί</em></strong></span> <span class='ocrx_word' id='word_1_221' title='bbox 537 3439 712 3533; x_wconf 76' lang='grc' dir='ltr'><strong><em>φαράγγων</em></strong></span> <span class='ocrx_word' id='word_1_222' title='bbox 735 3434 931 3567; x_wconf 72' lang='grc' dir='ltr'><strong><em>ἀπορρῶγας</em></strong></span> <span class='ocrx_word' id='word_1_223' title='bbox 971 3459 1008 3513; x_wconf 97' lang='grc'>17</span> <span class='ocrx_word' id='word_1_224' title='bbox 1032 3416 1365 3528; x_wconf 81' lang='grc' dir='ltr'><strong><em>ἒννοσοοποιούμενα</em></strong></span> 
     </span>
     <span class='ocr_line' id='line_1_30' title="bbox 293 3537 1352 3630; baseline 0.001 -14"><span class='ocrx_word' id='word_1_225' title='bbox 293 3559 331 3616; x_wconf 89' lang='lat'><strong><em>18</em></strong></span> <span class='ocrx_word' id='word_1_226' title='bbox 345 3543 374 3613; x_wconf 85' lang='grc' dir='ltr'><strong><em>εί</em></strong></span> <span class='ocrx_word' id='word_1_227' title='bbox 388 3546 489 3613; x_wconf 90' lang='grc' dir='ltr'><strong><em>καί..</em></strong></span> <span class='ocrx_word' id='word_1_228' title='bbox 504 3543 682 3613; x_wconf 81' lang='grc' dir='ltr'><strong><em>.ὁύνανται</em></strong></span> <span class='ocrx_word' id='word_1_229' title='bbox 707 3560 743 3615; x_wconf 92' lang='grc'><strong><em>19</em></strong></span> <span class='ocrx_word' id='word_1_230' title='bbox 767 3546 822 3613; x_wconf 87' lang='grc' dir='ltr'><strong><em>καί</em></strong></span> <span class='ocrx_word' id='word_1_231' title='bbox 846 3537 1093 3630; x_wconf 81' lang='grc' dir='ltr'><strong><em>ἇνακαλοίμενα</em></strong></span> <span class='ocrx_word' id='word_1_232' title='bbox 1112 3557 1176 3614; x_wconf 89' lang='grc'><strong><em>21</em></strong></span> <span class='ocrx_word' id='word_1_233' title='bbox 1167 3574 1197 3615; x_wconf 90' lang='lat' dir='ltr'><strong><em>rn</em></strong></span> <span class='ocrx_word' id='word_1_234' title='bbox 1215 3557 1352 3630; x_wconf 77' lang='lat' dir='ltr'><strong>margine</strong></span> 
     </span>
     <span class='ocr_line' id='line_1_31' title="bbox 290 3639 1353 3737; baseline 0.002 -23"><span class='ocrx_word' id='word_1_235' title='bbox 290 3643 364 3715; x_wconf 79' lang='grc' dir='ltr'><strong><em>ίναι</em></strong></span> <span class='ocrx_word' id='word_1_236' title='bbox 386 3661 425 3718; x_wconf 91' lang='grc'><strong><em>23</em></strong></span> <span class='ocrx_word' id='word_1_237' title='bbox 448 3643 546 3737; x_wconf 90' lang='grc' dir='ltr'><strong><em>κηρόν</em></strong></span> <span class='ocrx_word' id='word_1_238' title='bbox 569 3660 609 3717; x_wconf 89' lang='grc'><strong><em>25</em></strong></span> <span class='ocrx_word' id='word_1_239' title='bbox 633 3639 860 3732; x_wconf 78' lang='grc' dir='ltr'><strong><em>ἆπαμίνονται</em></strong></span> <span class='ocrx_word' id='word_1_240' title='bbox 883 3661 922 3716; x_wconf 89' lang='grc'><strong><em>26</em></strong></span> <span class='ocrx_word' id='word_1_241' title='bbox 945 3658 1027 3718; x_wconf 84' lang='lat' dir='ltr'><strong>deest</strong></span> <span class='ocrx_word' id='word_1_242' title='bbox 1048 3652 1108 3715; x_wconf 81' lang='grc' dir='ltr'><strong><em>τοῦ</em></strong></span> <span class='ocrx_word' id='word_1_243' title='bbox 1129 3662 1168 3718; x_wconf 89' lang='grc'><strong><em>27</em></strong></span> <span class='ocrx_word' id='word_1_244' title='bbox 1186 3659 1268 3721; x_wconf 86' lang='lat' dir='ltr'><strong>deest</strong></span> <span class='ocrx_word' id='word_1_245' title='bbox 1284 3655 1353 3717; x_wconf 79' lang='grc' dir='ltr'><strong><em>τιῖν</em></strong></span> 
     </span>
    </p>
   </div>
   <div class='ocr_carea' id='block_1_10' title="bbox 714 3845 867 3920">
    <p class='ocr_par' dir='ltr' id='par_1_13' title="bbox 714 3845 867 3920">
     <span class='ocr_line' id='line_1_32' title="bbox 714 3845 867 3920; baseline -0.033 -15"><span class='ocrx_word' id='word_1_246' title='bbox 714 3845 782 3920; x_wconf 83' lang='lat' dir='ltr'><strong><em>Cep.</em></strong></span> <span class='ocrx_word' id='word_1_247' title='bbox 805 3845 867 3906; x_wconf 85' lang='lat' dir='ltr'><strong><em>XV.</em></strong></span> 
     </span>
    </p>
   </div>
   <div class='ocr_carea' id='block_1_11' title="bbox 292 3941 992 4044">
    <p class='ocr_par' dir='ltr' id='par_1_14' title="bbox 292 3941 992 4044">
     <span class='ocr_line' id='line_1_33' title="bbox 292 3941 992 4044; baseline -0.007 -19"><span class='ocrx_word' id='word_1_248' title='bbox 292 3968 332 4025; x_wconf 85' lang='lat'><strong><em>28</em></strong></span> <span class='ocrx_word' id='word_1_249' title='bbox 355 3941 381 4020; x_wconf 81' lang='grc' dir='ltr'><em>ὦ</em></span> <span class='ocrx_word' id='word_1_250' title='bbox 403 3954 539 4042; x_wconf 74' lang='grc' dir='ltr'><strong><em>λομισμὲ</em></strong></span> <span class='ocrx_word' id='word_1_251' title='bbox 560 3955 682 4022; x_wconf 80' lang='grc' dir='ltr'><strong><em>τέκνων</em></strong></span> <span class='ocrx_word' id='word_1_252' title='bbox 704 3961 827 4022; x_wconf 75' lang='grc' dir='ltr'><strong><em>παθῶν</em></strong></span> <span class='ocrx_word' id='word_1_253' title='bbox 849 3951 992 4044; x_wconf 79' lang='grc' dir='ltr'><strong><em>τύραννε.</em></strong></span> 
     </span>
    </p>
   </div>
   <div class='ocr_carea' id='block_1_12' title="bbox 227 4071 1356 4268">
    <p class='ocr_par' dir='ltr' id='par_1_15' title="bbox 227 4071 1356 4268">
     <span class='ocr_line' id='line_1_34' title="bbox 227 4071 1354 4166; baseline -0.002 -22"><span class='ocrx_word' id='word_1_254' title='bbox 227 4102 255 4159; x_wconf 93' lang='lat' dir='ltr'><strong><em>p.</em></strong></span> <span class='ocrx_word' id='word_1_255' title='bbox 279 4086 382 4160; x_wconf 66' lang='grc'>2963</span> <span class='ocrx_word' id='word_1_256' title='bbox 405 4073 698 4164; x_wconf 77' lang='grc' dir='ltr'><strong><em>ἐναποσφραγίζον,</em></strong></span> <span class='ocrx_word' id='word_1_257' title='bbox 727 4081 792 4142; x_wconf 79' lang='grc' dir='ltr'><strong><em>τῶν</em></strong></span> <span class='ocrx_word' id='word_1_258' title='bbox 813 4081 936 4143; x_wconf 68' lang='grc' dir='ltr'><strong><em>παθῶν</em></strong></span> <span class='ocrx_word' id='word_1_259' title='bbox 965 4092 984 4145; x_wconf 85' lang='lat'>4</span> <span class='ocrx_word' id='word_1_260' title='bbox 1006 4081 1053 4141; x_wconf 78' lang='grc' dir='ltr'><strong><em>τιῖ</em></strong></span> <span class='ocrx_word' id='word_1_261' title='bbox 1054 4102 1071 4141; x_wconf 89' lang='grc' dir='ltr'><strong><em>ν</em></strong></span> <span class='ocrx_word' id='word_1_262' title='bbox 1093 4080 1198 4142; x_wconf 68' lang='lat' dir='ltr'><strong><em>men</em></strong></span> <span class='ocrx_word' id='word_1_263' title='bbox 1200 4102 1216 4141; x_wconf 92' lang='grc' dir='ltr'><strong><em>ν</em></strong></span> <span class='ocrx_word' id='word_1_264' title='bbox 1247 4088 1267 4144; x_wconf 90' lang='grc'>5</span> <span class='ocrx_word' id='word_1_265' title='bbox 1289 4071 1354 4166; x_wconf 77' lang='grc' dir='ltr'><strong><em>γὰρ</em></strong></span> 
     </span>
     <span class='ocr_line' id='line_1_35' title="bbox 289 4167 1356 4268; baseline 0.004 -24"><span class='ocrx_word' id='word_1_266' title='bbox 289 4167 517 4266; x_wconf 75' lang='grc' dir='ltr'><strong><em>ἇσθενόψοχοι</em></strong></span> <span class='ocrx_word' id='word_1_267' title='bbox 552 4192 569 4248; x_wconf 92' lang='grc'>6</span> <span class='ocrx_word' id='word_1_268' title='bbox 600 4176 862 4268; x_wconf 78' lang='grc' dir='ltr'><strong><em>πολογονιότεραι</em></strong></span> <span class='ocrx_word' id='word_1_269' title='bbox 898 4193 936 4249; x_wconf 90' lang='grc'><strong><em>10</em></strong></span> <span class='ocrx_word' id='word_1_270' title='bbox 966 4169 1087 4256; x_wconf 79' lang='grc' dir='ltr'><strong><em>ὠδίνας</em></strong></span> <span class='ocrx_word' id='word_1_271' title='bbox 1124 4191 1161 4247; x_wconf 92' lang='grc'>12</span> <span class='ocrx_word' id='word_1_272' title='bbox 1191 4173 1275 4264; x_wconf 80' lang='grc' dir='ltr'><strong><em>πρὸς</em></strong></span> <span class='ocrx_word' id='word_1_273' title='bbox 1295 4174 1356 4248; x_wconf 88' lang='grc' dir='ltr'><strong><em>τὸν</em></strong></span> 
     </span>
    </p>
   </div>
   <div class='ocr_carea' id='block_1_13' title="bbox 0 0 1504 4876">
    <p class='ocr_par' dir='ltr' id='par_1_16' title="bbox 0 0 1504 4876">
     <span class='ocr_line' id='line_1_36' title="bbox 0 0 1504 4876; baseline 0 0"><span class='ocrx_word' id='word_1_274' title='bbox 0 0 1504 4876; x_wconf 95' lang='lat' dir='ltr'><strong><em> </em></strong></span> 
     </span>
    </p>
   </div>
   <div class='ocr_carea' id='block_1_14' title="bbox 1498 1491 1502 2193">
    <p class='ocr_par' dir='ltr' id='par_1_17' title="bbox 1498 1491 1502 2193">
     <span class='ocr_line' id='line_1_37' title="bbox 1498 1491 1502 2193; baseline 0 0"><span class='ocrx_word' id='word_1_275' title='bbox 1498 1491 1502 2193; x_wconf 95' lang='lat' dir='ltr'><strong><em> </em></strong></span> 
     </span>
    </p>
   </div>
  </div>
 </body>
</html>
