3000 4876
125 576 166 617 cx
188 554 291 639 primo
314 555 421 648 oppite
443 577 473 638 p.
493 553 565 634 271,
591 557 630 618 10
652 555 865 639 cognoscitur,
886 555 944 619 ubi
964 555 1050 620 solus
1073 557 1157 621 inter
1180 577 1246 620 om-

124 678 180 721 nes
196 656 357 741 orationts
374 656 501 720 codices
517 655 618 721 verba
637 653 693 720 καὶ
711 647 861 742 ὑπομονῇ
881 667 952 742 post
969 645 1102 745 ἀνδρείᾳ
1120 658 1243 742 omisit;

124 768 220 824 recta
251 759 349 823 Nam
374 759 426 824 Ps.
456 757 635 842 losephum
661 758 717 844 qui
738 759 890 822 sermonis
920 757 1097 844 elegantiae
1119 781 1244 844 semper

122 861 242 942 studet,
263 861 296 923 in
320 862 389 945 ipso
409 861 569 944 prooemio
586 858 749 924 rhetorum
765 868 941 945 praccepta
960 860 1040 926 adeo
1059 861 1241 945 violavisse,

122 973 160 1027 ut
194 962 241 1026 bis
274 964 308 1026 in
342 962 453 1027 eodem
482 962 649 1028 enuntiato
679 962 748 1027 sine
777 960 844 1026 ulla
876 984 976 1028 causa
996 963 1109 1028 iisdem
1131 964 1241 1030 verbis

122 1075 280 1148 uteretur,
302 1067 371 1132 veri
394 1088 458 1131 non
479 1076 527 1129 est
548 1064 660 1130 simile.

207 1187 323 1273 Itaque
351 1185 430 1250 mihi
458 1187 588 1273 quidem
616 1205 806 1271 persuasum
832 1182 938 1248 habeo
966 1181 1133 1267 librarios,
1168 1206 1241 1250 cum

122 1289 198 1355 aliis
217 1288 294 1355 locis
316 1289 536 1355 fortitudinem
566 1311 639 1353 cnm
660 1288 842 1355 constantia
862 1286 1067 1369 coniunctam
1086 1286 1242 1353 viderent.

184 1393 223 1459 cf.
247 1416 277 1478 p.
295 1393 369 1474 301,
388 1393 428 1458 15
450 1385 534 1478 πρὸς
554 1385 615 1477 γὰρ
636 1385 694 1454 νιν
716 1379 922 1474 ἀνδρείαν
944 1377 1052 1454 αὐτῶν
1074 1437 1081 1452 .
1105 1438 1113 1453 .
1137 1437 1176 1454 ..

225 1490 283 1557 καὶ
304 1487 362 1575 τὴν
383 1490 440 1558 ἐπὶ
462 1497 534 1570 τοῖς
554 1487 714 1577 βασάνοις
735 1485 957 1610 ὑπομονήν

20 1661 22 1664 ,
121 1596 177 1661 illa
196 1598 304 1683 inepte
325 1576 495 1663 dddidisse.

205 1717 343 1787 Omnino
366 1718 519 1782 orationis
540 1717 679 1799 librarii,
706 1726 742 1781 ut
763 1718 796 1780 in
818 1716 910 1781 libris
933 1713 1154 1780 ecclesiasticis
1176 1711 1242 1797 ple-

120 1841 257 1906 rumque
286 1819 337 1904 fit,
370 1843 435 1888 non
464 1819 557 1885 modo
589 1821 686 1884 anxie
708 1842 747 1884 ne
769 1818 846 1905 quid
868 1818 1051 1882 omitterent
1073 1821 1240 1898 caverunt,

119 1922 173 1987 sed
198 1923 294 1986 etiam
317 1944 529 2009 quaecunque
549 1921 771 2008 superscripta
797 1920 850 1987 vel
871 1920 1010 2005 margini
1032 1921 1174 2005 ascripta
1195 1921 1241 1983 in-

118 2033 285 2106 venerunt,
314 2047 353 2088 ea
375 2025 482 2088 omnia
504 2023 725 2088 reddiderunt.
771 2022 865 2102 Quae
892 2023 1021 2110 quidem
1043 2022 1149 2107 opinio
1173 2034 1249 2086 me·'

119 2125 268 2191 morabili
295 2126 435 2213 quodam
458 2125 603 2211 exemplo
627 2123 845 2206 confirmatur,
886 2147 928 2188 ex
961 2146 1024 2210 quo
1059 2124 1098 2188 de
1128 2122 1238 2187 multis

116 2227 278 2293 similibus
310 2229 530 2293 coniecturam
558 2226 666 2291 facere
687 2225 771 2292 licet.
814 2224 947 2291 Decimo
971 2226 1055 2289 enim
1077 2225 1183 2310 capite
1205 2223 1238 2286 in

118 2355 180 2396 uno
201 2330 424 2413 Alexandrino
441 2337 584 2417 (praeter
603 2329 668 2395 ΟΛ
686 2330 725 2395 de
745 2351 808 2415 quo
827 2329 937 2394 codice
955 2337 1066 2414 postea
1084 2327 1239 2392 disseren-

118 2434 197 2498 dum
219 2435 294 2518 erit)
316 2457 348 2519 p.
367 2435 440 2515 288,
461 2436 502 2499 ‘28
523 2444 595 2519 post
623 2430 809 2518 συγγένειαν
835 2433 914 2497 haec
936 2432 1095 2496 sententia
1116 2431 1239 2495 inserta

117 2547 174 2603 est.
195 2529 279 2622 πρὸς
301 2539 407 2600 ταῦτα
422 2529 463 2609 ,εἴ
479 2559 512 2600 τι
540 2531 648 2616 ἔχεται
677 2529 892 2622 κολαστήριον
916 2526 1160 2619 προσαγάγεσαι
1191 2535 1240 2620 τῷ

124 2631 255 2721 σώματί
271 2662 334 2721 μου
348 2629 414 2726 ’τῆς
435 2633 495 2725 γὰρ
518 2642 625 2725 ψυχῆς
645 2627 716 2704 orid'
740 2633 780 2702 ἂν
800 2635 942 2724 &dipsas
964 2647 1023 2702 etc.

200 2759 297 2840 Quod
317 2762 519 2826 enuntiatum
541 2783 615 2826 cum
635 2761 677 2825 ad
699 2760 835 2826 verbum
856 2760 924 2824 fere
945 2759 978 2822 in
1001 2779 1073 2823 eum
1095 2756 1236 2821 codicem

114 2864 361 2948 transscriptum
380 2873 472 2946 esset,
502 2887 543 2929 ex
564 2887 627 2950 quo
649 2864 679 2929 A
700 2863 807 2947 fluxit,
834 2862 993 2929 iotacismi
1015 2853 1077 2948 qui
1093 2861 1126 2925 in
1149 2884 1170 2924 α
1190 2861 1236 2923 in·

115 2964 332 3030 numerabiles
353 2964 506 3050 leguntur
529 2966 575 3030 ita
597 2986 616 3028 a
638 2964 779 3029 librariis
801 2965 938 3031 correcti
959 2975 1051 3046 sunt,
1080 2973 1115 3028 ut
1136 2985 1232 3049 super

113 3062 260 3147 ἔχεται
282 3062 400 3147 ἔχετε
430 3068 706 3153 superscriberent
735 3078 767 3132 et
788 3091 886 3154 super
909 3075 1086 3133 extremam
1108 3078 1233 3154 partem

114 3167 208 3232 verbi
224 3165 367 3254 θέληται
384 3169 540 3233 literamr
559 3168 742 3254 corrigendi
757 3191 856 3234 causa
874 3179 1035 3256 ponerent.
1058 3170 1152 3250 Quae
1167 3193 1234 3236 cor-

112 3270 269 3336 rectiones
302 3271 400 3353 culpa
434 3273 502 3336 eius
530 3271 657 3335 librarii
687 3273 742 3358 qui
770 3273 911 3338 codicem
944 3274 1166 3355 Aexaravit,
1201 3273 1234 3339 in

112 3380 237 3437 textum
252 3375 460 3458 irrepserunt.
480 3374 623 3440 Exhibct
638 3376 722 3440 enim
743 3375 786 3440 A:
809 3369 893 3462 πρὸς
912 3379 1016 3440 ταῦτα
1038 3371 1072 3441 εἴ
1082 3399 1115 3440 τι
1138 3371 1232 3456 ἔχε-

111 3497 183 3539 εαι
211 3470 328 3556 ἔχετε
356 3470 580 3562 προσαγαγεῖν
608 3471 808 3565 κολαστήρια
837 3482 885 3566 τῷ
915 3473 1045 3562 σώματί
1073 3503 1146 3561 μου.
1177 3481 1235 3565 τῆς

111 3571 173 3665 γὰρ
196 3581 303 3665 ψυχῆς
324 3567 396 3644 odd'
421 3573 461 3643 dr
481 3577 691 3667 θέλητεαι
714 3593 774 3647 etc.

194 3698 319 3764 Eadem
347 3699 415 3764 fere
444 3702 569 3766 ratione
598 3722 736 3787 magnus
765 3703 993 3788 glossematum
1015 3712 1114 3790 atque
1136 3704 1233 3768 inter·

10 3792 12 3796 '
110 3798 307 3886 palationum
335 3823 488 3866 numerus
517 3804 650 3886 insedit,
683 3826 821 3891 quorum
849 3803 957 3869 alica
988 3805 1166 3871 Fritzschio
1189 3830 1231 3870 ex

109 3903 257 3970 codicum
274 3905 470 3970 auctoritate
488 3917 611 3973 remota
629 3919 715 3991 sunt,
734 3909 802 3999 plia
821 3910 980 3975 editorum
997 3908 1105 3976 oculos
1125 3913 1231 3976 nescio

110 4026 173 4090 quo
187 4014 282 4089 pacto
304 4005 468 4091 fugerunt.

173 4107 212 4173 cf.
234 4107 319 4172 hunc
341 4109 502 4174 undecimi
523 4113 637 4196 capitis
660 4111 766 4178 locum
787 4136 817 4199 p.
836 4114 909 4194 290,
928 4115 964 4178 8:

213 4207 290 4297 περὶ
311 4202 368 4275 τὸν
389 4213 542 4299 τροχαῖον
564 4216 672 4301 erpino
694 4214 921 4302 κανέκαμψαν,
