3000 4876
319 562 473 652 propositi
494 560 734 647 appellaverim.
780 560 961 646 Exponitur
983 561 1067 626 euim
1090 581 1192 647 neque
1214 560 1352 627 affectus
1372 561 1436 626 sub

319 667 452 730 rationis
480 664 612 749 imperio
642 685 725 744 esse,
755 685 859 747 neque
886 683 956 724 eam
984 663 1207 726 esserationis
1238 665 1322 742 vim,
1356 685 1441 748 quae

318 790 450 855 prorsus
471 764 542 830 illos
564 765 745 850 exstirpare
767 765 882 849 possit3
905 763 959 828 sed
981 765 1093 829 nimios
1116 774 1242 829 tantum
1266 765 1440 851 perturba-

320 872 441 936 tionum
464 867 608 932 stimulos
630 867 768 952 opprimi
790 875 888 952 atque
910 866 1055 932 diminui.

405 973 501 1037 Posse
522 979 629 1034 autem
652 969 807 1033 rationem
829 969 928 1032 etiam
949 991 1086 1055 maguas
1111 967 1259 1034 libidines
1282 991 1444 1053 coercere,

320 1056 520 1140 memorabili
538 1069 684 1156 exemplo
706 1069 745 1134 de
769 1070 822 1133 siti
840 1071 926 1155 regis
941 1069 1052 1135 David
1074 1070 1265 1153 ostenditur,
1278 1071 1346 1157 ‚qui
1369 1094 1445 1136 cum

321 1174 516 1242 intolerabili
545 1173 706 1261 quondam
739 1173 792 1236 siti
821 1182 892 1257 post
918 1173 1075 1258 proelium
1103 1183 1299 1255 vexaretur,
1334 1184 1445 1240 tamen

356 1301 642 1350 ii.ii.1›euuoeutem
662 1296 737 1343 buius
757 1296 862 1342 membri
880 1298 935 1345 loco
954 1298 998 1357 qui
1026 1297 1148 1344 medelum
1169 1297 1311 1346 desiderare
1334 1299 1447 1362 videtur,

408 1389 548 1436 accuratius
575 1384 710 1433 dicendum
735 1384 784 1432 erit
808 1381 842 1445 (p.
864 1385 922 1444 214,
935 1385 967 1429 ιι
986 1389 1049 1444 etc).
1087 1384 1121 1435 Ut
1139 1387 1208 1434 euim
1227 1392 1294 1436 recte
1313 1387 1446 1436 desuden-

408 1477 503 1525 theiius
523 1476 628 1533 monuit,
658 1477 682 1521 et
706 1473 763 1536 ipsa
787 1472 862 1520 verbe
885 1468 931 1520 καὶ
955 1463 1009 1521 τῶν
1032 1468 1198 1535 σωματικῶν
1217 1488 1294 1524 sensu
1312 1482 1403 1525 serent
1423 1482 1447 1525 et

410 1570 499 1626 postea
517 1561 676 1611 desideretur
693 1559 800 1622 aliquid,
819 1565 847 1608 ut
865 1558 912 1609 καὶ
930 1556 1034 1610 τούτων
1051 1555 1103 1624 οὐχ
1117 1554 1185 1610 ὥστε
1197 1557 1269 1612 αὐτοὶ
1283 1555 1446 1613 sataliam

412 1643 473 1700 ἀλλ’
492 1641 560 1698 ὥστε
578 1640 675 1706 αὐτοῖς
693 1642 731 1712 μή
752 1641 836 1701 εἶξαι.
875 1649 948 1698 Dicit
966 1653 1032 1697 enim
1050 1653 1088 1698 vir
1106 1651 1194 1701 doetus
1214 1653 1287 1701 baec:

466 1759 530 1818 „Die
549 1757 688 1819 Beispieie,
718 1755 759 1804 die
780 1757 838 1815 ιιι,
855 1756 886 1798 ‘25
914 1756 1048 1814 engeidirrt
1076 1757 1184 1817 werden,
1210 1771 1300 1818 passeri
1320 1758 1396 1808 nieht
1415 1771 1447 1806 zu

412 1847 460 1894 den
479 1845 645 1894 uumittelber
665 1840 891 1890 vorhersteheuden
910 1841 1011 1890 Worten
1030 1835 1104 1891 α’λλυὶ
1125 1838 1177 1894 τῶν
1195 1842 1326 1909 σώματος
1342 1853 1447 1913 (σωμα-

412 1929 509 1992 τικῶν).
528 1935 566 1995 Jn,
586 1934 657 1983 diesc
675 1933 760 1980 Worte
779 1929 838 1978 sind
856 1943 920 1990 ganz
938 1933 1069 1993 unsinnig.
1089 1935 1160 1982 Denn
1174 1938 1237 1985 wie?
1257 1937 1447 2001 PaJosepirus,

413 2027 457 2073 der
474 2025 523 2072 alle
541 2023 834 2080 Gemiithsbeweguogen
862 2020 889 2066 iu
907 2020 1066 2080 iriirpcrliche
1086 2022 1136 2070 und
1156 2024 1277 2072 seclische
1296 2024 1375 2073 theilt
1394 2026 1448 2074 und

414 2111 564 2161 wiederholt
582 2109 732 2173 eusspricht,
758 2107 816 2154 dese
834 2108 895 2155 fiber
913 2108 987 2158 beide
1006 2110 1048 2157 die
1068 2111 1195 2160 Veruuuft
1213 2112 1338 2172 hen-sciis,
1369 2117 1448 2164 solite

413 2200 469 2246 bier
495 2199 530 2245 im
556 2197 695 2246 schiristm
716 2195 870 2255 Gegensatze
895 2208 972 2256 sagon
996 2199 1094 2255 wellen,
1126 2199 1184 2247 dese
1203 2202 1240 2249 sie
1259 2215 1306 2249 nur
1323 2203 1386 2251 iiber
1405 2203 1448 2251 dle

414 2288 589 2350 kdrperiichen
608 2279 693 2348 πάδη
711 2299 742 2333 zu
761 2285 895 2335 herrschen
914 2288 1019 2335 beroien
1038 2288 1113 2336 seii“

467 2391 515 2440 Sed
535 2391 612 2439 etiem
630 2391 680 2437 elia
697 2390 763 2436 vitia
782 2390 876 2447 insunt,
902 2404 964 2452 quae
984 2391 1204 2440 Frendeutbelium
1224 2393 1351 2452 fugerunt.
1386 2393 1450 2441 Ete-

362 2501 365 2505 ,
414 2481 466 2526 nim
491 2491 548 2527 cum
574 2477 614 2525 Pe.
632 2475 758 2538 Josepbus
782 2478 905 2525 sermonis
929 2479 1068 2538 elegantiae
1093 2493 1192 2541 semper
1220 2479 1322 2542 studeat
1347 2494 1450 2530 omnes·

415 2581 462 2628 que
489 2567 611 2614 orationis
638 2565 756 2614 flosculos
782 2566 861 2615 soleat
885 2573 992 2629 reptare,
1023 2570 1108 2616 nescio
1133 2574 1263 2618 curtante
1282 2570 1403 2619 hocloco
1422 2573 1450 2619 in

414 2656 522 2705 dicendo
541 2635 701 2714 neglegentis
720 2668 779 2702 usus
798 2657 841 2717 sit,
859 2665 889 2704 ut
906 2662 944 2705 ter
962 2656 1080 2718 deinceps
1098 2658 1165 2705 idem
1184 2660 1286 2707 verbum
1306 2652 1451 2710 ἕκκόκτιιι

414 2743 554 2791 adhiberet.
583 2741 706 2790 Omnibus
727 2746 795 2791 enim
814 2745 880 2804 quod
900 2749 950 2794 scio
970 2745 1076 2811 reliquis
1096 2748 1161 2796 locis
1180 2749 1306 2796 orationis
1325 2750 1450 2798 elocutio·

416 2846 460 2881 nes
482 2830 596 2880 variandi
614 2845 688 2880 causa
707 2834 824 2882 mutavit.

470 2937 506 2986 Oi.
526 2953 550 3001 p.
571 2941 630 2998 27³,
643 2940 675 2984 ιι
695 2939 808 3001 κρατεῖ.
826 2974 832 2988 .
849 2973 855 2986 .
878 2931 1037 3002 ἐπικρατεῖ.
1056 2975 1061 2988 .
1080 2937 1219 3004 ,κυριεύει
1232 2976 1237 2989 .
1252 2978 1279 2990 ..
1298 2979 1304 2991 ,
1321 2939 1451 3000 δισκόζιι

470 3026 509 3075 vei
529 3039 553 3086 p.
575 3028 634 3084 ιιι,
645 3026 675 3071 ιι
697 3018 870 3074 ἐκδιδάσκει.
888 3061 894 3075 .
909 3061 915 3074 .
932 3020 1068 3080 ,eduensi
1076 3064 1082 3077 .
1099 3065 1105 3078 .
1122 3065 1128 3078 .
1143 3026 1269 3078 παιδεύει

471 3130 575 3179 Accedit
593 3130 659 3193 quod
679 3131 837 3178 enuntiatum
856 3125 931 3178 α’λλαὲ
953 3124 989 3194 τῷ
1008 3127 1133 3196 λογισμῷ
1154 3129 1272 3182 δυνατόν
1289 3128 1338 3182 ιόι
1356 3133 1453 3198 λογισ-

417 3215 473 3281 μόι
489 3212 641 3282 βοηθῆσαι
659 3220 695 3266 ita
713 3219 877 3267 deformatum
897 3227 941 3271 ιιι,
970 3228 996 3269 ιιι
1014 3222 1073 3281 quid
1093 3223 1142 3269 sibi
1162 3224 1232 3284 velit,
1258 3223 1385 3282 suspicari
1404 3237 1452 3286 po-

418 3312 476 3365 tius,
495 3321 568 3368 quem
589 3308 736 3368 intellegere
754 3309 836 3357 liceat.

472 3414 554 3474 Vulgo
580 3413 680 3476 quidem
704 3415 797 3473 legitur
821 3406 895 3461 ἄλλα
922 3407 957 3461 τώ
977 3409 1015 3477 μή
1036 3410 1218 3478 δουλωθῆναι
1238 3409 1272 3479 τῴ
1293 3410 1383 3482 θυμῷ
1403 3426 1453 3471 etr.

419 3502 463 3550 sed
489 3502 550 3551 haec
567 3503 700 3564 scripture,
730 3516 794 3564 quae
813 3504 840 3548 in
859 3504 1027 3550 deterioribus
1046 3505 1121 3552 libris
1140 3511 1230 3567 exstet,
1257 3507 1403 3555 alibrariis
1423 3516 1454 3556 ut

419 3590 510 3651 opinor
528 3596 638 3640 correcte
656 3596 700 3649 est,
720 3605 801 3652 neque
818 3592 902 3639 minus
920 3593 1027 3640 molesta
1045 3594 1154 3655 videtur,
1173 3609 1229 3644 oum
1240 3596 1315 3656 penio
1328 3601 1386 3643 aute
1400 3597 1454 3645 lem

419 3678 515 3726 dictum
533 3680 566 3726 sit
584 3669 676 3726 α’λλά
697 3674 734 3726 τό
754 3676 799 3742 μή
820 3671 1063 3742 δουλωθῆναι
1083 3673 1113 3744 τῇ
1133 3675 1283 3748 ἐπιθυμίᾳ.

474 3785 611 3846 Praeterea,
632 3798 688 3832 cum
706 3789 823 3833 omnibus
843 3789 886 3847 qui
906 3789 953 3835 imo
968 3795 1081 3848 spectant
1095 3791 1157 3837 loris
1171 3793 1294 3838 orationis
1308 3794 1367 3848 irae,
1388 3804 1454 3852 quae

424 3875 529 3922 ultimae
548 3874 637 3922 virtuti
658 3876 774 3934 opposita
793 3882 838 3935 est,
865 3875 963 3923 demum
980 3883 1040 3937 port
1055 3891 1167 3938 pravum
1185 3881 1271 3926 animi
1289 3882 1454 3943 affectionem

422 3963 516 4008 mentio
542 3962 598 4010 lieri
627 3963 712 4019 soleat,
743 3976 791 4009 non
818 3965 899 4026 video,
927 3979 976 4026 quo
1000 3968 1054 4015 iure
1080 3969 1119 4014 hic
1145 3969 1185 4015 ilii
1210 3971 1393 4030 perturbationi
1415 3974 1454 4020 iro

423 4055 605 4112 anteponatur.
624 4052 711 4110 itaque
730 4053 805 4099 verbu
825 4054 875 4100 iem
895 4054 953 4102 iude
971 4051 1095 4115 ιδυμέι
1112 4069 1153 4110 τις
1165 4069 1243 4116 usque
1256 4057 1285 4103 ed
1299 4053 1454 4122 βοηθῆσαι

423 4153 438 4184 a
455 4140 567 4186 librariis
586 4140 650 4186 male
669 4139 820 4201 interposita
837 4155 899 4202 esse,
920 4143 965 4189 illo
984 4151 1067 4191 autem
1080 4147 1134 4190 loeo
1149 4158 1222 4205 quem
1239 4145 1454 4196 Froiidentiiailus

424 4229 543 4285 «tetendit,
563 4228 660 4288 aliquid
681 4229 807 4277 excidisse
825 4232 947 4293 suspicor.
