3000 4876
538 333 740 433 *3⁷-

69 551 211 616 aquam,
244 552 342 617 quam
362 530 480 598 milites
501 557 575 600 cum
596 537 684 602 vitae
705 538 849 624 periculo
872 540 1068 626 hauserant,
1097 546 1199 610 effun-

69 633 153 696 dere
174 654 237 697 non
259 631 436 699 dubitavit.

160 736 269 819 Atque
286 734 479 802 utbreviter
501 759 587 802 nuuc
602 739 872 824 comprehendere
890 743 967 807 mihi
981 745 1087 826 licoat,
1111 749 1198 833 quod

68 837 176 902 fusius
199 837 296 902 adid
320 847 445 924 tempus
467 839 696 924 demonstravi,
729 844 912 928 „probati0“
938 847 998 913 hoe
1019 850 1112 916 modo
1137 851 1198 916 dis·

69 939 225 1025 ponenda
245 950 308 1003 est:

119 1041 272 1115 Prolatae

137 1146 176 1210 A.
200 1145 439 1230 argumentatio

182 1251 215 1332 l)
236 1247 391 1332 expositio

225 1372 253 1414 a.
276 1344 560 1436 σωφροσύνης
580 1334 745 1414 actvm&
767 1346 863 1438 redde,

264 1474 295 1514 o.
318 1453 460 1536 corporis
482 1453 678 1539 cupiditates
700 1477 729 1539 p.
747 1455 819 1538 272,
841 1456 883 1518 22
898 1495 938 1505 -
953 1458 992 1522 31

224 1558 292 1636 p.
316 1554 414 1617 animi
544 1602 558 1633 „
608 1603 622 1634 ,‚
699 1579 731 1641 p.
745 1556 817 1638 272,
837 1557 1072 1642 32-273,11

222 1655 251 1722 b.
277 1649 561 1741 δικαιοσύνης
582 1650 747 1720 κωλυτικὰ
768 1651 866 1744 πάθη

266 1780 296 1822 α.
320 1750 405 1820 κατὰ
427 1760 523 1839 σῶμα
545 1782 576 1845 p.
593 1760 665 1842 273,
689 1761 837 1826 12-15

263 1863 294 1943 β.
318 1853 403 1925 κατὰ
426 1854 534 1946 ψυχήν
555 1885 585 1948 p.
604 1862 677 1945 273,
697 1863 874 1946 16-274,
893 1864 914 1928 5

222 1986 249 2032 c.
273 1951 348 2027 c'rvd
356 1957 472 2048 ρείας
486 1958 650 2028 radestad
664 1959 763 2052 πάθη
776 1967 795 2032 i.
806 1990 831 2032 e.
845 1958 955 2049 θυμός
970 1989 1001 2051 p.
1011 1965 1111 2048 274,ss
1122 1966 1198 2030 *15

181 2069 216 2150 2)
238 2065 386 2153 probatio
409 2089 440 2151 p.
461 2066 534 2148 274,
554 2068 592 2131 16
607 2102 648 2114 -
662 2068 699 2131 21

277 2168 366 2250 (Qua
387 2191 422 2231 re
443 2167 564 2233 factum
588 2171 639 2250 sit,
661 2179 697 2234 ut
715 2170 798 2234 ratio
820 2168 1081 2255 perturbationes
1111 2190 1195 2235 coer·

315 2291 387 2334 cere
407 2273 526 2356 posset)

179 2370 213 2451 3)
234 2371 433 2437 circumcisio
455 2374 610 2459 propositi
632 2397 660 2459 p.
683 2373 989 2456 274,21-275,1

134 2473 172 2536 B.
196 2474 379 2559 exemplum
400 2476 445 2560 (p.
465 2475 538 2557 275,
555 2475 574 2538 2
590 2514 627 2524 -
643 2475 716 2558 275,
734 2475 798 2555 29).

398 2842 458 2930 DE
485 2841 591 2931 FIDE
616 2837 873 2936 HlS'lORlCll.

157 2992 318 3072 Quoniam
342 2994 382 3058 de
404 3005 594 3079 argumento
616 2995 768 3059 orationis
791 3005 822 3058 et
849 2994 1057 3078 dispositione
1086 2994 1192 3078 singu--

67 3095 177 3159 larum
200 3103 342 3180 partium
365 3095 498 3160 uberius
518 3096 684 3183 fusiusque
707 3096 956 3182 disputavimus,
989 3112 1074 3160 nune
1097 3096 1192 3159 etiarn

67 3197 110 3262 de
132 3197 220 3262 fonte
242 3197 403 3278 historico,
425 3219 487 3283 quo
506 3199 557 3265 Ps.
581 3197 738 3284 Iosephus
761 3220 838 3262 usus
860 3198 911 3280 sit,
931 3218 1039 3283 pauca
1061 3195 1139 3259 mihi
1160 3197 1190 3259 in

69 3299 178 3363 animo
201 3312 249 3363 est
270 3302 396 3367 afferre.
434 3299 493 3363 Est
515 3300 598 3364 enim
621 3321 641 3362 a
664 3302 744 3366 viris
764 3300 877 3382 doctis,
899 3321 918 3362 a
939 3297 1191 3364 Frendenthalio

68 3403 281 3489 potissimum,
299 3403 483 3466 accuratius
495 3402 527 3464 in
540 3424 610 3466 eam
623 3403 841 3488 quaestionem
853 3402 1051 3487 inquisitum,
1072 3412 1193 3484 utrum,

68 3527 144 3571 cum
174 3527 293 3592 magna
322 3505 481 3592 quaedam
511 3505 686 3570 similitudo
718 3507 801 3569 inter
831 3516 940 3591 partes
973 3504 1104 3568 alterins
1138 3504 1194 3588 qui

67 3616 207 3672 vocatur
222 3607 493 3674 Maccahaeorum
515 3607 592 3672 libri
613 3618 645 3673 et
666 3609 717 3672 rs.
740 3607 910 3694 Iosephnm
932 3616 1061 3670 exstare
1084 3605 1194 3670 videa·

68 3721 133 3791 tur,
168 3709 250 3775 alter
271 3710 398 3775 libellus
419 3712 463 3774 'ex
486 3715 588 3775 altero
612 3720 779 3792 exaratus,
807 3731 849 3773 an
871 3708 1045 3776 communis
1064 3708 1136 3773 lons
1158 3708 1192 3773 in

67 3822 207 3898 utroque
235 3812 388 3900 opusculo
418 3813 584 3878 adhibitus
614 3814 665 3880 sit.
719 3813 761 3876 Et
793 3835 866 3877 cum
899 3811 1043 3897 plerique
1065 3811 1097 3872 in
1120 3831 1191 3872 eam

67 3916 258 3980 sententiam
280 3918 458 3998 venissent,
489 3928 525 3982 ut
546 3927 698 4003 quartum
722 3917 763 3981 ad
785 3915 923 3981 alterum
945 3914 1047 3978 Maec.
1071 3911 1191 3977 librum

66 4016 271 4083 referendum
309 4040 376 4082 csse
412 4028 583 4103 putarent,
617 4015 836 4084 Freudcnthal
872 4019 995 4102 primus
1032 4015 1193 4080 uberrimo

67 4120 218 4186 Iasonem
236 4121 447 4207 Cyrenaicum
465 4120 507 4184 ab
531 4130 667 4207 utroque
691 4130 821 4186 auctore
842 4129 1032 4206 excerptum
1047 4141 1115 4183 esse
1136 4140 1187 4181 ex-

65 4224 184 4310 posuit.
225 4224 285 4288 Vir
308 4238 417 4288 autem
441 4224 641 4289 doctissimus
664 4244 702 4287 ea
725 4223 848 4287 ratione
871 4232 1113 4307 argumentatus
1133 4234 1190 4302 est,
