3000 4876
649 359 670 365 ᾗ
729 271 771 336 43

189 475 459 541 Maccahaeorum
498 473 618 538 librum
656 475 898 539 accuratissime
928 474 1119 556 contulerit,
1153 498 1194 539 ex
1227 474 1311 540 bello

191 589 299 643 antem
314 577 463 659 Iudaico,
484 577 603 663 quippe
622 577 707 664 quod
726 578 858 643 minoris
874 587 942 643 tum
956 578 1195 660 aestimaretur,
1216 578 1311 642 modo

190 679 348 745 delectum
376 678 547 744 lectionum
575 681 798 765 composuerit.
841 680 922 747 Rem
943 681 988 744 ita
1010 702 1044 744 se
1065 679 1187 745 habere
1207 700 1307 745 unum

190 804 347 869 quemque
377 803 603 847 concessurum
636 803 703 846 esse
739 791 835 868 puto,
871 781 926 868 qui
961 783 997 848 in
1026 781 1131 868 Ittigii
1157 780 1312 866 apendice

190 885 299 970 quarti
313 884 462 951 Maccab.
479 882 554 948 libri
567 882 767 948 collationem
786 884 929 970 quinque
950 883 1088 969 paginas
1109 883 1309 969 comprehen-

190 989 318 1051 dentem
342 987 472 1068 viderit,
493 1007 567 1051 cum
588 987 688 1060 totius
711 986 787 1051 belli
807 985 934 1052 Iudaici
955 987 1136 1072 scripturae
1157 994 1311 1072 quattuor

191 1102 316 1155 tantum
339 1091 473 1174 paginas
496 1088 757 1174 complectantur.
794 1088 868 1174 Ipse
888 1111 966 1154 vero
995 1111 1068 1155 cum
1100 1087 1217 1154 Felleri
1249 1088 1310 1154 col·

190 1194 267 1257 latio
287 1193 441 1258 orationis
459 1189 533 1276 περὶ
556 1179 796 1278 αὐτοκράτορος
813 1191 979 1277 λογισμοῦ,
1002 1192 1149 1278 quamvis
1167 1214 1224 1278 pro
1247 1192 1311 1256 ista

191 1305 296 1372 aetate
318 1296 560 1382 diligentissime
583 1306 720 1361 exarata
744 1299 794 1379 sit,
816 1296 991 1361 hodiernae
1014 1304 1119 1360 tamen
1138 1295 1308 1360 literarum

191 1400 369 1465 condicioni
391 1400 520 1463 minime
540 1399 690 1483 sufficiat,
713 1423 830 1465 novam
853 1399 1024 1485 Lipsiensis
1042 1397 1243 1462 collationem
1260 1397 1311 1460 -in-

189 1503 278 1568 stitui
294 1502 453 1588 simulque
472 1503 626 1589 exiguam
643 1503 760 1569 codicis
778 1503 1034 1590 descriptionem,
1051 1522 1148 1587 quam
1168 1498 1309 1565 Wester·

188 1629 325 1672 mannus
347 1605 454 1671 facere
475 1615 611 1671 conatus
633 1616 691 1689 est,
719 1605 869 1692 supplere
895 1627 933 1670 ac
954 1604 1118 1689 corrigere
1139 1601 1218 1666 mihi
1239 1623 1309 1689 pro-

189 1709 292 1794 posui.

275 1808 385 1874 Codex
402 1807 480 1874 bibl.
499 1808 590 1876 Paul.
608 1809 684 1894 Lips
701 1809 757 1895 qui
778 1829 910 1872 numero
934 1806 994 1872 783
1008 1807 1195 1872 inscribitur
1215 1829 1311 1872 mem·

192 1910 373 1974 brauaceus
392 1920 441 1974 est
455 1908 571 1992 flavus,
593 1909 692 1975 literis
711 1910 897 1975 minusculis
912 1919 1067 1974 exaratus
1083 1931 1121 1975 ae
1136 1910 1217 1975 bene
1239 1932 1310 1974 con-

190 2023 347 2079 servatus.
403 2011 496 2076 Folia
531 2022 645 2077 extant
677 2013 757 2094 290,
800 2034 937 2098 quorum
969 2011 1033 2076 duo
1073 2021 1236 2097 postrema
1269 2033 1310 2074 ex

190 2116 336 2181 oratione
358 2115 499 2201 quadam
521 2136 616 2177 sacra
635 2113 891 2180 Christianorum
912 2125 1065 2200 excerpta
1088 2123 1119 2179 et
1140 2113 1311 2180 XIV¹fere

191 2217 318 2282 saeculo
355 2228 491 2282 exarata
525 2216 675 2282 videntur
701 2240 776 2285 esse.
820 2219 1039 2305 Reperiuntur
1070 2227 1179 2281 autem
1208 2217 1309 2281 XXX

192 2319 428 2408 quaterniones,
451 2319 467 2382 I
488 2319 596 2405 quinio
618 2319 685 2404 (fol.
705 2320 911 2400 ata-288),
940 2319 988 2385 IV
1010 2319 1309 2406 pseudoquiniones,

189 2446 327 2509 quarum
346 2422 424 2488 bina
446 2422 523 2487 folia
542 2423 589 2485 ita
604 2434 733 2487 exsecta
752 2434 836 2505 sunt,
859 2431 894 2504 ut
911 2422 1135 2509 quaterniones
1161 2423 1308 2487 oriantur

189 2526 434 2607 (solta-46,
471 2525 668 2608 119-126,
704 2527 900 2608 lot-174,
933 2525 1126 2602 tot-261)
1160 2524 1176 2588 l
1206 2527 1327 2602 ternio⁴

189 2629 254 2709 (fol.
269 2629 361 2691 24-
372 2629 426 2707 29)
449 2638 617 2720 praeterea
635 2631 668 2692 in
685 2627 749 2692 fine
764 2628 863 2695 libelli
885 2630 959 2693 unio
973 2626 1075 2691 affixa
1097 2637 1144 2692 est
1167 2627 1232 2709 (fol.
1245 2629 1307 2694 289

189 2729 239 2794 bis
254 2730 338 2810 290).
383 2729 424 2795 ln
444 2730 579 2815 singulis
602 2736 711 2795 autern
731 2731 869 2817 paginis,
893 2753 966 2796 cum
985 2731 1085 2796 XXV
1106 2731 1172 2794 fere
1195 2753 1308 2797 versus

189 2854 257 2895 osse
279 2831 404 2896 soleant
426 2853 527 2918 neque
550 2841 657 2896 tamen
680 2832 732 2898 hic
755 2854 907 2896 numerus
922 2832 984 2896 sibi
1005 2842 1139 2916 constet,
1160 2831 1308 2914 efficitur,

190 2945 224 2997 ut
246 2933 382 2999 altitudo
401 2937 582 3022 scripturae
599 2957 661 3000 non
682 2934 802 3022 ubique
825 2937 866 2999 sit
884 2935 1006 3018 eadem,
1029 2935 1084 3001 sed
1101 2936 1184 3000 inter
1199 2938 1239 3000 15>
1248 2957 1307 3000 cm.

186 3047 218 3099 et
253 3039 290 3100 17
308 3059 366 3102 cm.
395 3036 539 3122 fluctuet.
591 3038 799 3103 Latitudo=
816 3040 928 3104 llum
971 3039 1196 3102 Atramentum
1230 3058 1307 3102 vero

187 3140 307 3225 partim
320 3138 417 3204 badio
435 3142 555 3226 partim
574 3140 663 3206 fusco
682 3140 788 3205 colore
804 3140 941 3223 excellit,
963 3149 1201 3226 praeterquam,
1220 3137 1307 3224 quod
1332 3201 1335 3206 .

190 3243 210 3302 ii
235 3242 290 3328 qui
318 3251 431 3327 postea
463 3253 584 3308 textum
617 3256 828 3309 correxerunt
858 3244 984 3309 librarii
1007 3245 1097 3328 nigro
1129 3253 1186 3307 aut
1207 3240 1306 3306 rubro

191 3342 296 3407 colore
317 3343 367 3407 usi
389 3358 473 3408 sunt.
504 3345 610 3431 Atque
632 3367 673 3409 ex
691 3347 789 3411 variis
805 3346 972 3409 literarum
989 3345 1096 3409 formis
1118 3344 1214 3410 facile
1232 3367 1303 3430 cog-

189 3445 341 3527 noscitur,
365 3455 428 3509 tres
440 3446 537 3510 fuisse
553 3446 669 3511 codicis
683 3442 833 3512 librarios
850 3449 889 3530 A,
905 3447 980 3532 B,C
997 3448 1052 3533 qui
1067 3470 1147 3533 opus
1161 3449 1207 3511 ita
1223 3448 1307 3512 inter

187 3570 219 3611 se
246 3548 493 3632 distribuerunt,
527 3551 615 3615 utA
643 3550 720 3614 folia
749 3551 889 3615 24-02
920 3551 1079 3615 79-142
1113 3550 1305 3630 let-182,

187 3650 214 3713 B
242 3648 319 3714 folia
341 3651 427 3715 63-
442 3652 480 3716 78
506 3652 688 3716 143-150
716 3652 881 3734 scriberet,
916 3652 1069 3717 Ccmnia
1098 3650 1223 3739 reliqua
1241 3653 1305 3716 iam

187 3753 260 3817 iude
290 3775 310 3816 a
336 3753 411 3818 folio
444 3755 622 3821 183-‘288
653 3767 812 3824 exararet.
863 3755 927 3820 Sed
947 3754 1000 3824 fol.
1029 3755 1145 3820 1-23
1175 3765 1212 3820 ut
1241 3756 1305 3820 iam

188 3854 453 3921 Westermannus
486 3858 584 3939 vidit,
620 3861 796 3944 posteriorc
831 3870 952 3941 aetate,
985 3859 1120 3923 fortasse
1155 3860 1305 3925 14-15

186 3958 314 4024 sacculo
346 3959 474 4023 adiecta
504 3973 587 4024 sunt.
631 3961 749 4025 Manus
779 3960 942 4047 Aparvis
972 3959 1058 4025 haud
1088 3961 1134 4025 ita
1162 3960 1304 4048 pulchris

187 4060 286 4125 literis
310 4062 424 4144 utitur,
446 4083 531 4147 quae
554 4062 594 4125 de
616 4061 700 4126 linea
721 4064 910 4150 dependent.
956 4064 1068 4130 Altera
1089 4086 1202 4129 uranus
1225 4066 1253 4129 B
1274 4077 1305 4130 ct

188 4162 352 4227 arduitate
375 4173 406 4228 et
418 4173 588 4229 venustate
603 4163 770 4229 literarum
791 4166 884 4230 facile
898 4166 1117 4258 distinguitur.
1147 4168 1191 4232 At
1207 4170 1304 4235 tertia
