3000 4876
213 566 308 646 Quae
329 566 458 652 quidem
480 566 654 652 explicatio
675 565 769 628 nimis
792 561 965 639 artificiose
984 564 1172 647 excogitata
1190 573 1238 627 cst

128 669 212 733 Nam
234 678 272 733 ut
293 667 372 731 nihil
394 668 499 732 dicam
523 668 563 732 de
585 665 744 751 singulari
764 666 818 731 illo
848 666 967 737 acrisio
998 666 1162 750 gnomico‚
1192 665 1247 750 qui
1278 675 1303 727 ο

128 770 216 856 apud
231 771 281 834 Ps.
296 769 474 856 Josephum
491 791 650 855 nusquam
669 778 839 855 praetcrea
859 767 1035 848 invenitur,
1056 789 1097 831 no
1115 786 1247 831 causam

126 870 257 957 quidem
277 871 439 956 intellego,
469 892 535 957 qua
556 871 679 935 factum
701 871 753 952 sit,
784 880 821 934 ut
843 869 897 934 hic
917 870 952 934 in
973 869 1078 933 media
1101 869 1247 934 oratione

127 982 219 1038 tanta
241 972 359 1038 lacuna
381 984 577 1039 nasceretur.
625 974 705 1038 Mihi
736 975 819 1037 enim
847 995 911 1038 non
941 971 1077 1037 dubium
1106 970 1247 1053 videtur,

126 1077 204 1162 quin
221 1075 278 1140 illa
294 1074 397 1141 verba
413 1065 504 1154 ὀξεῖα
519 1069 580 1161 γάρ
602 1086 661 1140 etc.
684 1075 800 1140 stolido
822 1075 957 1140 librario
974 1074 1117 1140 tribuere
1130 1072 1247 1138 debea-

126 1200 207 1260 mus,
222 1179 277 1265 qui
297 1179 489 1244 antecedens
511 1180 756 1263 pronuntiatum
772 1177 994 1263 explicaturus
1014 1176 1246 1242 sententiarum

125 1302 285 1345 conexum
304 1280 538 1346 obscuraverit.

210 1384 318 1468 Atque
347 1381 454 1446 adhuc
482 1381 523 1445 de
543 1382 581 1444 iis
613 1381 815 1466 potissimum
836 1377 1136 1465 interpolationibus
1164 1379 1246 1444 dixi·

124 1506 206 1566 mus,
226 1505 311 1570 quae
326 1483 554 1570 glossematum
576 1484 608 1545 in
629 1481 760 1546 modum
782 1481 914 1546 fortuito
937 1483 1136 1564 insederunt,
1159 1503 1246 1547 acce-

124 1587 207 1651 dunt
228 1597 338 1651 autem
360 1587 539 1668 enuntiata,
560 1607 644 1672 quae
664 1584 705 1649 de
727 1585 886 1649 industria
917 1608 938 1650 a
964 1587 1025 1671 piis
1056 1584 1245 1671 plerumque

122 1687 303 1773 legentibus
334 1690 526 1775 interposita
558 1689 711 1755 videntur
743 1710 820 1754 esse.
873 1688 1020 1768 Quorum
1048 1690 1082 1751 in
1111 1708 1243 1752 numero

124 1813 198 1858 cum
219 1792 271 1855 Ps.
291 1790 451 1878 Josephus
473 1814 551 1857 voce
573 1788 721 1877 πατέρες,
748 1812 812 1855 non
832 1784 1035 1876 πατριάρχαι
1059 1792 1107 1856 uti
1129 1791 1241 1872 soleat,

122 1915 162 1958 ea
182 1893 353 1958 enuntiata
374 1895 482 1959 omnia
503 1893 653 1959 habenda
682 1904 775 1976 sunt,
809 1896 842 1958 in
864 1895 982 1980 quibus
1005 1894 1063 1959 illa
1085 1917 1152 1961 vox
1173 1899 1240 1958 πα-

121 1987 275 2080 τριάρχαι
300 1996 494 2081 reperiatur.

207 2098 368 2166 Ouocirca
405 2106 492 2163 recte
519 2096 790 2161 Frendenthalius
821 2120 892 2183 cap.
918 2097 1011 2162 XVI.
1041 2121 1071 2184 p.
1099 2099 1173 2180 299,
1201 2099 1241 2162 28

122 2203 201 2265 haec
218 2201 321 2266 verba
336 2201 479 2266 eicienda
497 2224 564 2266 esse
582 2200 770 2265 condendit:
793 2195 844 2264 ἔτι
866 2200 902 2264 de
923 2198 980 2264 nul
1002 2195 1091 2265 τοῦτ’
1113 2194 1243 2278 εἰδότας

122 2294 175 2369 ὅτι
198 2299 230 2368 οὶ
252 2297 308 2368 διὰ
329 2297 387 2369 τὸν
407 2297 489 2369 θεὸν
510 2292 738 2380 ἀποθανόντες
767 2302 849 2382 ζῶσι
877 2307 925 2390 σιξ
947 2306 1019 2389 θεῷ
1048 2294 1160 2389 ὥσπερ
1181 2291 1242 2387 oid-

121 2400 210 2491 ραάμ
233 2401 335 2472 londa
353 2405 409 2471 καὶ
432 2401 538 2490 lotulfi
560 2405 616 2471 καὶ
638 2400 759 2484 πάντες
781 2402 813 2471 ol
834 2402 1117 2493 πατριάρχαι.

205 2511 328 2576 Iniuria
346 2512 446 2595 igitur
460 2511 658 2575 Fritzschius
679 2512 813 2596 septimo
831 2511 939 2595 capite
960 2534 991 2595 p.
1011 2510 1083 2591 283,
1102 2510 1143 2575 32
1161 2508 1242 2594 opti-

121 2634 190 2676 mos
208 2613 310 2680 00de
323 2624 452 2677 secutus
476 2613 551 2678 huic
572 2615 707 2679 similem
730 2616 922 2678 sententiam
951 2616 1132 2679 intextum
1155 2638 1238 2680 rece

119 2713 185 2797 pit:
207 2707 415 2791 πιστεύοντες
438 2704 489 2778 ὅτι
510 2718 582 2801 θεῷ
604 2704 664 2781 οὐκ
686 2704 956 2803 ἀποθνήσκουσιν
978 2706 1089 2801 ὥσπερ
1113 2705 1189 2781 οὐδὲ
1209 2713 1241 2781 οἳ

118 2808 388 2901 πατριάρχαι
408 2808 499 2901 ἡμῶν
517 2806 651 2902 άβραάμ
666 2815 722 2882 καὶ
739 2811 840 2882 londa
854 2815 911 2881 nul
930 2812 1036 2901 ἱακώβ
1054 2807 1138 2882 ἀλλὰ
1157 2819 1238 2899 ζῶσι

119 2916 201 3002 θεά.

204 3019 317 3105 Neque
339 3041 469 3105 possum
491 3023 627 3086 reticere
649 3024 874 3088 antecedentes
897 3045 1023 3108 quoque
1049 3046 1161 3089 versus
1183 3025 1240 3110 qui
1322 3078 1343 3087 -

118 3119 218 3205 vulgo
237 3121 284 3182 ita
300 3120 469 3206 leguntur:
485 3110 631 3188 ἀλλ’ὅσοι
647 3119 776 3205 ἔχονται
787 3127 844 3211 τῆς
858 3112 1032 3208 εὐσεβείας,
1055 3117 1111 3189 τὸν
1128 3124 1239 3209 λοχισ-

116 3215 179 3304 μὸν
208 3215 366 3310 φρόνιμον
394 3220 478 3304 ἔχειν
509 3223 545 3304 ἐξ
574 3217 649 3314 ὅλης
678 3222 815 3313 καρδίας
836 3223 1124 3310 προνοοῦσιν·καὶ
1147 3211 1239 3291 οὗτοι

116 3317 212 3407 μόνοι
235 3319 390 3390 δύνανται
412 3332 544 3413 κρατεῖν
564 3333 630 3393 τῶν
650 3333 708 3436 τῆς
731 3323 851 3414 σαρκὸς
872 3331 997 3392 παθιῖν
1026 3331 1057 3392 in
1089 3330 1238 3414 suspitio·

116 3445 189 3488 nem
213 3426 293 3490 mihi
314 3430 448 3494 venisse.
486 3432 588 3495 Miror
611 3434 694 3496 enim
716 3432 794 3518 quid
817 3433 869 3513 sit,
890 3430 977 3518 quod
1005 3432 1055 3497 Ps.
1075 3431 1236 3518 Josephus

116 3527 161 3591 ad
181 3529 315 3594 eundem
333 3532 617 3618 interrogationem
635 3534 797 3620 possintne
815 3555 922 3613 omnes
942 3532 1084 3598 homines
1103 3535 1238 3599 affectus

116 3652 230 3715 regere
245 3653 355 3714 necne,
372 3633 421 3698 bis
443 3633 595 3720 deinceps
618 3647 649 3700 et
666 3636 796 3701 diversa
814 3636 939 3701 ratione
955 3638 1003 3699 ita
1025 3635 1236 3721 responderit,

115 3738 154 3794 ut
174 3753 248 3796 cum
270 3734 410 3818 primum
431 3735 514 3800 solos
536 3739 605 3822 pios
635 3720 741 3820 (οὗτοι
761 3730 855 3819 μόνοι
865 3739 884 3812 l)
916 3739 1023 3803 carnis
1045 3738 1079 3821 (l)
1113 3748 1239 3823 pertur-

115 3832 262 3898 bationes
284 3837 466 3922 opprimere
487 3859 580 3923 posse
601 3837 802 3920 affirmasset,
824 3839 1030 3904 nihilominus
1052 3862 1120 3904 rem
1140 3861 1236 3925 porro

114 3944 273 4002 tractaret
291 3949 324 4002 et
345 3939 427 4004 solos
450 3943 609 4026 sapientes
632 3934 744 4025 (μόνος
775 3934 836 4025 γάρ
860 3933 877 4006 ὁ
899 3935 1014 4029 σοφός)
1044 3941 1235 4006 fortitudine

113 4047 284 4124 praestare
305 4041 436 4110 diceret.
476 4043 610 4108 Accedit
631 4045 717 4130 quod
740 4044 793 4109 hic
813 4030 901 4109 locus
923 4046 956 4107 in
979 4054 1119 4129 utraque
1139 4044 1232 4114 codd.

112 4139 238 4206 familia
249 4142 467 4209 diversissima
477 4146 603 4211 ratione
622 4147 772 4212 traditur.
806 4149 890 4213 Nam
906 4172 980 4216 cum
993 4160 1123 4236 recepta
1138 4147 1235 4234 Regii

114 4242 310 4330 scripturam
328 4258 493 4335 sequatur,
514 4249 648 4314 alterius
672 4251 813 4316 familiae
841 4254 1001 4343 principes
1020 4254 1111 4320 san
1131 4251 1233 4321 multo
