3000 4876
637 349 679 415 53

559 439 761 447 ——--.--

164 548 243 618 θεόν
266 565 303 620 13
316 543 353 617 οὗ
364 548 472 639 μήννε
496 565 533 619 16
556 565 623 619 ente
641 544 866 635 μεγαλόψυχοι
885 559 986 618 inserit
999 539 1141 635 ἀνδρεῖοι
1161 547 1217 613 καί

166 667 204 722 18
226 651 446 741 φυλάσσοντες
479 667 516 722 19
545 657 610 719 τῶν
639 651 714 738 περί
743 647 801 740 τὴν
823 647 1030 737 φιλοτεκνίαν
1057 663 1096 719 22
1118 675 1218 733 μετα-

164 755 308 843 στρέψαι
343 768 382 823 24
404 755 525 841 γενέσει
548 757 616 844 φιλ.
640 755 696 821 καί
718 750 840 845 τρόφια
864 753 968 840 (γοναί
992 748 1218 842 φιλόστοργοι)

164 870 203 927 26
226 867 308 928 deest
329 852 344 922 ί
373 871 412 927 30
433 859 529 945 μέχρι
551 863 643 943 (τῶν)
666 871 705 928 32
728 851 821 946 ἥπερ.

98 1005 125 1061 p.
152 989 222 1062 297,
239 990 257 1047 3
272 976 405 1062 βλέπων
423 976 458 1043 ἐν
471 972 662 1060 βασάνοις7
679 976 745 1042 ἐυλ.
765 975 821 1041 ἐπί
841 974 935 1061 σαρξί
951 999 1034 1041 τεκν.
1055 968 1101 1062 ὁρ.
1122 996 1214 1059 σαρκ.

161 1104 227 1146 τεκ.
248 1104 382 1158 ,κοκνιοι
418 1093 456 1147 14
486 1077 643 1168 πηλίυαις
672 1076 866 1162 (ποικίλαις)
900 1071 1217 1163 14--21πηλίκαις-
1255 1089 1259 1095 ·

163 1176 319 1269 καθάπερ
346 1192 441 1251 rubris
462 1193 544 1252 uncis
565 1193 705 1251 inclusum
744 1195 779 1251 16
802 1185 932 1268 τροχοῖς
953 1179 1009 1246 καί
1032 1175 1220 1266 καυτηρίοις

165 1297 202 1351 19
226 1277 353 1370 ὁρῶσαν
374 1274 543 1348 ἇποίλειαν
572 1295 613 1353 20
634 1279 845 1371 πολύτροπον
866 1283 1025 1365 (πλοκον),
1046 1276 1158 1360 πάσας
1178 1295 1218 1351 23

163 1395 245 1455 deest
265 1410 301 1452 τε
325 1398 364 1455 32
387 1396 469 1455 deest
492 1390 558 1452 τοῦ.
643 1447 648 1454 ,

98 1533 127 1588 p.
152 1517 253 1590 298,2
277 1498 380 1584 οὕτως
401 1502 441 1571 σύ
466 1520 484 1574 4
505 1512 580 1586 ταῖς
601 1513 667 1573 τιῦν
690 1520 708 1578 5
730 1505 807 1587 τοὺς
829 1559 836 1574 .
861 1560 869 1574 .
893 1559 900 1574 .
923 1513 1083 1593 χειμῶνας

569 1709 640 1783 Cep.
663 1709 741 1768 XVI.

164 1830 180 1884 7
203 1811 258 1882 ὑπ.
277 1813 337 1895 τὰς
353 1816 449 1904 μέχρι
464 1823 582 1884 θανατ.
601 1824 676 1903 βασ.
701 1813 746 1905 ὁρ.
765 1823 831 1884 τῶν
848 1816 969 1884 τέκνων
994 1832 1028 1886 11
1043 1812 1218 1903 περιεφρό-

162 1942 235 2006 νησε
258 1930 340 1989 deest
360 1915 424 2001 τόν,
447 1932 477 1989 in
498 1932 627 2004 margine
650 1926 715 1987 τῶν
736 1920 831 2009 μέχρι
850 1926 926 1986 θαν.
942 1927 1017 2005 βασ.
1038 1913 1219 2007 ὑπερεφρό-

163 2044 253 2109 νησεν
292 2035 329 2090 12
360 2032 442 2091 deest
471 2018 556 2088 κατὰ
584 2018 640 2089 τόν
674 2037 711 2091 14
741 2014 841 2111 αὐτῆς
876 2035 912 2092 17
941 2026 1038 2087 τοῦτο
1060 2019 1219 2103 eumdem)-

159 2120 430 2209 λονίσασθαι(θε)
455 2136 493 2192 13
513 2116 563 2190 ὅτι
585 2120 693 2190 είδειλ.
717 2111 754 2212 ἦν
775 2120 852 2212 γονή
877 2137 913 2193 19
937 2113 1156 2212 ὥλοφίρετ’ἷι’ν
1179 2136 1219 2190 22

161 2221 293 2308 κάμινοι
329 2238 369 2296 25
391 2217 511 2305 ὠδίνας
548 2239 584 2295 31
609 2217 796 2315 ὠλοφύρετο
830 2240 869 2296 32
892 2217 1078 2313 ἀπέτρεψεν
1106 2277 1144 2292 ..
1175 2220 1220 2304 ὡς

160 2317 239 2394 οὗὸ.

94 2476 115 2531 p
149 2458 254 2532 299,5
277 2442 369 2533 γύναι
391 2444 448 2513 διὰ
470 2445 683 2535 θὲργοιςδνν.
706 2449 763 2515 καί
780 2445 847 2536 λόγ.
871 2443 934 2537 εὕρ.
959 2440 1075 2537 ἀνδρός
1098 2455 1218 2519 Βθεοι-

160 2553 262 2633 ροῦσα
301 2563 318 2619 9
344 2547 478 2639 ἑβραίδφ
510 2556 603 2639 φωνῇ
638 2564 675 2620 13
699 2546 875 2634 ὑπομεῖναι
912 2564 951 2620 20
973 2561 1055 2620 deest
1078 2545 1095 2618 ὃ
1118 2548 1218 2616 ίσαάκ

161 2663 199 2718 22
216 2642 551 2740 ἄπεσφενδονήθησαν
573 2665 612 2722 25
627 2662 709 2722 deest
720 2649 796 2731 τούς
819 2665 857 2722 29
877 2651 999 2731 eidone·
1016 2665 1056 2722 30
1071 2652 1127 2718 καί
1140 2643 1212 2740 ἇβρ.

159 2751 215 2818 καί
240 2766 279 2822 32
302 2748 347 2831 ὡς
369 2746 420 2819 ὅτι
444 2746 506 2820 ὅτε.

561 2953 630 3026 Cep.
652 2954 746 3014 XVII.

94 3088 123 3144 p.
148 3057 316 3145 300,1είς
337 3063 448 3147 (προς)
470 3059 617 3130 θάνατον
639 3078 657 3134 3
676 3061 762 3131 ἑπτὰ
781 3065 878 3131 παισί
897 3062 936 3131 σὺ
954 3066 1048 3155 στέγη
1065 3065 1121 3132 ἐπὶ
1141 3064 1217 3146 τούς

159 3159 337 3242 δακτύλους
359 3176 376 3233 6
400 3160 535 3244 στύλους
556 3172 620 3232 τιῦν
641 3164 773 3233 παίδων
796 3180 813 3236 9
833 3164 968 3253 βεβαίαν
990 3164 1110 3248 ἔχουσα
1131 3165 1215 3257 πρὸς

158 3262 238 3330 θεόν
258 3270 449 3353 13ᾱεεειτῷ,
460 3278 582 3349 praebet
591 3268 647 3334 καί
658 3265 827 3357 ἕστήρισαι
848 3264 972 3357 15ἡμῖν
981 3257 1017 3357 ἦν
1027 3280 1109 3339 deest
1117 3268 1216 3337 πίνα-

158 3392 214 3445 κος
239 3379 276 3436 16
291 3390 349 3433 σου
362 3365 509 3458 ἱστορίαν
530 3385 567 3440 17
581 3383 611 3440 in
624 3383 752 3454 margine
765 3396 820 3460 yn:
843 3369 983 3439 ἑνιίπιον
994 3378 1053 3439 τοῦ
1065 3380 1149 3441 θεοῦ
1159 3376 1215 3442 καί
1269 3410 1271 3414 ’

157 3464 326 3557 ἑστήρισαι
357 3467 414 3538 σίν
446 3464 560 3553 αὐτοῖς
588 3474 623 3540 ἐν
654 3465 780 3563 οὐρανῷ
818 3488 854 3544 19
878 3475 934 3541 καί
957 3466 1008 3541 ἐπ’
1035 3467 1216 3544 αὐτοῦτοῦ

158 3570 337 3662 ἐπιταφίου
369 3587 409 3644 20
431 3573 590 3641 ἐνταυθοῖ
612 3570 698 3662 ἱερὸς
719 3575 821 3663 γέρων
852 3588 889 3644 21
914 3572 1140 3664 ἕνκευήδιοται
1175 3591 1215 3645 22

159 3668 215 3738 διὰ
236 3679 304 3755 τοῦ,
334 3685 364 3742 in
385 3686 515 3759 margine
536 3671 592 3742 διὰ
617 3675 754 3765 τύρανον
786 3692 825 3748 23
849 3677 895 3758 εἰς
916 3676 997 3747 θεὸν
1034 3691 1073 3749 25
1094 3677 1154 3768 γὰρ
1177 3668 1214 3768 ἦν

158 3765 245 3860 ἆγών
268 3789 307 3845 27
329 3770 348 3865 ἡ
372 3767 549 3865 ἆφθαρσία
573 3793 612 3849 23
635 3791 717 3852 deest
739 3777 825 3848 ἑπτά
855 3796 894 3851 29
919 3775 1144 3869 οίντιγωνίζιτο
1175 3795 1212 3851 31

158 3873 294 3957 ἑαυτοὺς
316 3875 421 3958 ίὸίονς
442 3870 521 3946 ἆθλ.

94 4022 122 4077 p.
146 4008 250 4082 301‚2
273 4008 354 4069 deest
377 3989 484 4067 αὐτῶν
506 4014 525 4068 4
548 4000 603 4066 καί
626 3996 683 4069 τὸν
704 4028 782 4086 μακ.
797 4008 927 4087 βιοῦσιν
945 3999 1048 4070 αἰῶνα
1073 4017 1110 4072 12
1133 4014 1215 4074 deest

156 4104 215 4164 τοῦ
239 4112 305 4168 7-
318 4114 356 4169 10
379 4092 416 4168 οὗ
434 4096 533 4184 μόνον
547 4141 583 4150 -
600 4095 762 4191 ἁμαρτίας
780 4115 877 4174 'rubris
899 4116 979 4175 uncis
1000 4116 1139 4175 inclusum
1175 4120 1212 4176 15

72 4227 75 4234 ¹
158 4191 310 4285 ἀπειλῶν,
343 4212 424 4274 deest
445 4197 464 4272 ὃ
487 4217 526 4273 22
549 4203 638 4272 ἐστίν
661 4202 822 4296 δεσπότης
