3000 4876
179 1493 282 1609 Quid
310 1547 382 1624 post
410 1536 613 1623 praeclaram
643 1535 732 1601 illam
758 1535 1035 1619 Freudenthalii*)
1058 1560 1214 1603 commen·

94 1649 247 1711 tationem
270 1656 423 1732 quartum
446 1644 715 1711 Maccahaeorum
746 1643 864 1731 librum
890 1646 1005 1710 iterum
1027 1644 1215 1712 accuratius

95 1749 248 1830 tractavi,
282 1748 314 1812 id
336 1746 464 1812 duabus
486 1748 686 1832 potissimum
711 1746 752 1810 de
777 1748 886 1811 causis
907 1747 1030 1811 factum
1053 1768 1121 1813 esse
1143 1770 1215 1813 con·

49 1935 50 1940 ἵ
94 1850 197 1914 fiteor.
221 1850 269 1914 Ac
291 1849 443 1934 primum,
464 1870 537 1913 cum
559 1870 598 1912 ea
619 1847 728 1912 studia
746 1857 886 1929 secutus,
904 1848 1022 1934 quibus
1040 1850 1216 1936 praecipue

94 1952 136 2016 ad
169 1951 202 2015 id
232 1961 357 2036 tempus
386 1972 519 2037 operam
548 1950 634 2033 dedi,
667 1950 709 2014 ad
734 1949 930 2037 depravatos
954 1951 1110 2016 orationis
1130 1950 1216 2016 locos

96 2055 238 2118 animum
260 2052 476 2135 adverterem,
498 2073 575 2116 mox
598 2061 723 2117 tantum
746 2052 859 2118 abesse
879 2052 1035 2140 intellssff,
1057 2063 1092 2117 ut
1114 2052 1216 2118 homi·

95 2157 144 2220 nis
167 2155 253 2221 docti
272 2176 373 2243 opera
392 2163 503 2218 textus
525 2155 557 2218 in
578 2155 741 2240 integrum
762 2156 828 2218 iam
848 2156 1019 2220 restitutus
1040 2156 1092 2237 sit,
1117 2165 1215 2220 utne

24 2336 26 2339 Ι
94 2281 196 2344 genus
210 2257 339 2344 quidem
349 2256 621 2342 corruptelarum,
637 2257 755 2344 quibus
770 2259 873 2322 oratio
888 2261 960 2322 aule
973 2257 1079 2322 omnio
1090 2255 1217 2323 laboret

96 2363 175 2426 satis
197 2361 252 2424 ille
276 2357 495 2445 exploraverit
517 2368 549 2423 et
570 2362 698 2425 omnino
716 2369 785 2424 tota
803 2361 948 2446 quaestio
967 2361 1095 2446 incepta
1112 2361 1216 2445 magis

96 2486 194 2550 quam
217 2464 259 2527 ad
281 2462 376 2528 finem
406 2463 739 2547 perducta-videatur
760 2484 838 2527 esse.
881 2462 998 2548 Itaque
1018 2471 1055 2527 ut
1076 2473 1217 2548 praeter·

96 2569 222 2630 mittam
243 2564 506 2649 interpolationes
521 2567 688 2652 quasdam
709 2587 794 2653 quae
814 2564 906 2629 illum
926 2565 1084 2650 fugerunt
1099 2588 1150 2629 me
1170 2569 1217 2631 in·

97 2669 208 2734 dicare
237 2667 386 2749 voluisse,
417 2669 451 2732 id
484 2691 584 2733 unum
615 2669 756 2733 omnium
785 2670 925 2733 maxime
953 2667 1118 2733 ostendere
1140 2667 1218 2732 mihi

99 2771 260 2856 proposui,
283 2779 321 2834 ut
338 2791 402 2834 non
419 2768 512 2834 modo
529 2761 662 2835 fortuito
681 2769 952 2854 interpolamenta
966 2769 1143 2853 irrepsisse,
1161 2768 1217 2835 sed
1234 2845 1237 2849 ¹

97 2872 194 2934 etiarn
216 2870 305 2934 haud
327 2871 375 2935 ita
396 2892 471 2934 raro
495 2869 532 2934 de
552 2869 715 2936 industrio
735 2868 895 2952 librarios,
917 2891 979 2956 quo
1002 2870 1106 2935 maior
1125 2869 1217 2934 lieret

96 2973 249 3037 sermonis
272 2971 444 3059 elegantia,
466 2975 609 3038 auctoris
632 2975 734 3040 verba
756 2974 933 3040 mutavisse
954 2973 1216 3062 demonstrarem.

97 3072 196 3145 liuius
225 3075 273 3140 rei
302 3074 485 3160 exemplum
518 3076 597 3139 satis
627 3075 834 3140 memorabile
860 3076 972 3161 quinto
998 3077 1105 3160 capite
1127 3077 1218 3161 (pag.

97 3177 170 3259 278,
188 3177 241 3256 14)
275 3179 447 3263 reperitur,
479 3200 542 3264 quo
572 3178 641 3243 loco
672 3189 738 3240 tam
766 3177 916 3244 diversae
946 3177 1096 3242 lectiones
1125 3177 1217 3243 nobie

99 3279 237 3343 traditae
258 3295 343 3361 sunt,
375 3293 413 3344 ut
442 3283 474 3344 in
502 3282 606 3366 primo
637 3280 752 3345 obtutu
781 3282 840 3346 vix
869 3279 958 3345 credi
987 3281 1096 3365 possit,
1131 3280 1217 3366 quod

99 3390 207 3444 tamen
236 3391 324 3446 recte
346 3381 618 3446 Freudenthalius
645 3380 817 3463 contendit,
851 3399 951 3444 aluum
973 3402 1039 3444 esse
1062 3379 1218 3445 librorum

99 3505 171 3550 mss.
194 3487 419 3569 archetypum.
462 3481 544 3547 (lum
574 3489 656 3547 enim
687 3482 828 3547 auctoris
856 3481 960 3548 ver-ba
981 3479 1020 3547 ἐκ
1040 3486 1100 3547 τοῦ
1122 3474 1218 3564 ὄχλου

100 3572 177 3691 ‹iv-rip
199 3606 250 3660 τις
272 3607 388 3670 parum
411 3585 579 3670 eleganter
600 3584 689 3650 diota
712 3607 779 3649 esse
800 3585 1002 3669 viderentur,
1021 3608 1054 3664 a
1074 3586 1219 3652 librariis

98 3686 130 3751 id
153 3687 293 3772 positum
315 3696 373 3768 est,
407 3687 492 3773 quod
524 3687 557 3749 in
579 3686 707 3772 optimis
729 3686 820 3752 codd.
842 3686 909 3753 fere
930 3686 1078 3753 omnibus
1099 3689 1220 3775 legitur

101 3776 147 3864 εἷς
160 3790 298 3873 πρῶτος
308 3785 346 3852 ἐκ
360 3791 419 3874 τῆς
433 3776 550 3874 ἀγέλης
567 3783 709 3873 ἑβραῖος,
731 3809 929 3874 quamquam
946 3789 1008 3854 hac
1027 3791 1098 3875 ipsa
1116 3798 1220 3854 muta·

101 3891 195 3973 tione,
217 3900 253 3955 ut
268 3902 379 3976 postea
397 3891 647 3972 declarabimus,
668 3912 778 3954 sensus
797 3889 861 3957 loci
875 3890 1087 3976 depravatur.
1124 3891 1220 3956 Prae-

188 4136 210 4196 *)
229 4137 252 4186 J.
271 4137 442 4186 Fraudenthal
468 4137 510 4186 dte
528 4137 566 4186 Fl.
587 4138 714 4200 Jossphus
737 4139 879 4202 beigslsgts
898 4137 993 4188 Schrlft
1011 4152 1059 4186 von
1079 4138 1123 4187 der
1141 4138 1219 4186 Harr-

105 4225 184 4276 sehalt
202 4226 246 4277 dor
264 4228 397 4276 Vernnntt.
434 4228 536 4277 Breslan
560 4231 634 4277 1869.

1004 4321 1021 4378 1
