3000 4876
123 521 277 606 imagines
317 529 349 585 et
381 520 519 606 Vergilii
554 531 586 585 et
625 519 787 585 Ciceronis
823 521 933 606 capita
967 521 1122 606 impressa
1162 533 1246 586 sunt.

123 623 237 688 Restat
270 634 306 688 ut
335 623 376 688 de
405 633 547 710 tempore
579 646 642 710 quo
675 622 848 708 Lipsiensis
876 634 1031 688 exoratus
1054 625 1106 706 sit,
1141 647 1247 709 pauca

125 727 308 791 afferamus.

207 827 442 894 Tischendorfii
471 829 600 915 quidem
631 828 747 893 iudicio
779 828 921 893 codicem
951 828 993 892 ad
1015 829 1172 893 decimum
1196 828 1248 895 vel

124 929 330 995 undecimum
347 929 513 995 saeculum
530 929 732 996 referendum
755 951 824 994 esse
839 929 1105 995 Westermannus
1127 930 1246 1000 docuit.

125 1032 220 1097 Nunc
252 1054 341 1114 vero,
374 1035 525 1119 quoniam
548 1032 828 1098 Gardthausenius
857 1033 1044 1120 praeclaras
1075 1032 1145 1096 illas
1179 1032 1249 1097 lite·

126 1156 237 1198 rarum
269 1135 398 1199 tabulas
429 1137 616 1223 composuit,
651 1157 731 1222 quas
754 1157 878 1199 summa
908 1158 980 1201 cum
1007 1135 1176 1220 diligentia
1205 1159 1246 1200 ex

127 1236 217 1302 codd.
239 1237 463 1323 „subscriptisl
487 1239 659 1323 excerpsit,
677 1236 747 1302 fieri
762 1246 876 1322 potest,
897 1246 931 1301 ut
948 1237 1046 1301 etiam
1062 1237 1247 1302 accuratius

65 1351 67 1354 ⁴
127 1338 226 1403 libelli
248 1349 387 1404 aetatem
409 1339 652 1406 constituamus.
697 1337 869 1422 Intelleges
900 1347 1007 1401 autem
1029 1339 1249 1425 unusquisque

128 1442 405 1530 palaeographiae
425 1464 563 1528 graecae
582 1443 702 1527 peritus
722 1463 763 1504 ex
785 1441 954 1535 literarum
973 1463 1052 1526 quos
1070 1441 1249 1506 deformavi

128 1546 240 1626 ductu,
261 1568 363 1630 genus
383 1543 543 1610 scribendi
557 1543 618 1609 hoc
637 1566 715 1625 esse,
736 1543 822 1630 quod
840 1543 1069 1608 Gardthausen
1091 1544 1249 1622 ,Mittlere

128 1645 308 1710 Minuskel“
337 1645 515 1732 appellavit
535 1624 590 1729 (ca
609 1645 814 1727 ooo-1000)
837 1656 867 1709 et
886 1647 1032 1730 proxime
1051 1647 1246 1733 scripturam

128 1750 302 1836 Lipsiensis
335 1749 490 1814 accedere
520 1749 562 1814 ad
584 1749 708 1814 codices
737 1770 820 1813 anno
856 1749 918 1814 973
950 1758 981 1812 et
1003 1749 1066 1813 990
1099 1757 1250 1814 exaratos

130 1852 283 1933 (Gardth.
300 1853 367 1917 tab.
388 1853 459 1934 Vl).
493 1849 588 1930 Quae
606 1851 764 1916 sententia
782 1850 879 1913 etiam
898 1849 963 1914 alia
986 1848 1249 1926 observatione*)

128 1953 346 2020 confirmatur.
390 1954 525 2039 Scripsit
546 1953 630 2016 enim
651 1974 765 2016 manus
793 1951 830 2034 B,
858 1973 931 2016 cum
953 1952 1052 2038 vulgo
1074 1951 1187 2016 literae
1210 1952 1251 2016 dc

128 2058 216 2123 linea
237 2057 449 2143 dependeant,
469 2056 631 2120 interdum
655 2057 750 2120 etiam
767 2057 801 2119 in
822 2055 918 2136 linea,
939 2056 1031 2119 cuius
1055 2064 1251 2139 postremum

131 2159 311 2245 exemplum
335 2159 367 2221 ni
389 2156 484 2222 fallor
506 2158 746 2222 Laurentianus
768 2158 900 2243 quidam
923 2156 1059 2243 praebet
1081 2179 1164 2221 anno
1189 2157 1251 2222 973

132 2262 335 2347 compositus.
366 2261 480 2326 Eidem
498 2261 597 2346 igitur
619 2261 719 2325 aetati
739 2259 825 2324 hunc
840 2260 980 2324 codicem
1000 2259 1142 2324 tribuere
1163 2259 1248 2326 licet.

130 2364 219 2428 luter
230 2362 327 2428 libros
341 2374 449 2427 antem
461 2383 532 2430 mss.
549 2365 605 2449 qui
615 2362 851 2448 subscriptione
870 2374 995 2444 carent,
1012 2362 1190 2427 simillimus
1199 2361 1250 2445 **)

131 2477 240 2531 exstat
262 2466 320 2533 cod
340 2465 407 2530 Pal.
426 2467 466 2530 23
485 2465 578 2529 cuius
594 2467 754 2550 specimen
773 2463 937 2529 Wattenb.
958 2464 1022 2528 tab.
1045 2466 1085 2530 {io
1102 2464 1253 2529 reddidit.

178 2727 180 2730 .
220 2745 245 2807 *i
263 2749 302 2799 Cf.
328 2752 404 2799 stiam
422 2751 523 2810 signum
541 2751 638 2800 numeri
648 2714 787 2842 ιῖῖῳιοά
805 2752 832 2798 ln
850 2749 869 2798 0
886 2751 1057 2811 compluribus
1072 2750 1134 2797 iocis
1153 2747 1254 2795 additur

133 2864 158 2905 et
178 2857 283 2906 Gardth.
302 2871 326 2918 p,
347 2858 406 2906 iiio.

202 2938 244 3003 **)
263 2946 302 2993 Ex
322 2945 504 2994 Westsrmaunl
523 2943 750 3004 argumentatione,
770 2944 814 3003 qui
833 2941 911 2990 dicii:
932 2944 1087 3006 „scripturae
1101 2956 1181 3002 genus
1193 2955 1253 3003 pro-

131 3038 200 3084 xime
228 3036 298 3083 abest
321 3038 352 3083 ab
378 3049 408 3085 so
433 3047 483 3098 quo
510 3047 572 3082 usus
600 3041 645 3093 cst,
676 3035 721 3094 qui
739 3033 841 3093 scripsit
859 3031 916 3081 rod.
933 3032 1006 3080 Dum.
1026 3031 1100 3080 Marc.
1120 3031 1149 3088 F,
1180 3032 1252 3078 cuius

132 3124 275 3183 exemplum
293 3123 398 3171 exhibet
416 3122 565 3172 Voemalius
583 3123 614 3170 ad
633 3123 727 3170 calcem
748 3121 787 3170 ed.
807 3127 872 3170 cont.
888 3122 957 3168 Dcm.
971 3134 1008 3167 nr.
1022 3121 1066 3166 Η
1086 3119 1151 3167 nihil
1172 3119 1253 3166 lucra-

132 3229 196 3270 mur,
216 3226 271 3258 riam
291 3223 322 3258 ox
342 3215 434 3273 exiguo
453 3211 500 3259 iilo
515 3212 642 3260 Voemeiii
660 3212 799 3273 specimine
812 3209 878 3256 nihii
890 3209 959 3256 alind
972 3210 1055 3268 colligi
1070 3214 1159 3269 potest,
1180 3220 1253 3268 quam

132 3303 243 3352 codicem
264 3303 328 3349 huuc
347 3316 402 3349 esse
419 3301 503 3350 literis
523 3302 674 3351 minusculis
693 3307 831 3350 exaratum.
