3000 4876
726 306 768 372 25

188 507 320 590 amoris,
340 528 404 592 quo
419 505 477 570 illa
491 513 597 576 mater.
611 505 691 572 filios
708 516 878 594 prosecuta
893 506 945 588 sit,
965 507 1153 588 illustraret,
1173 498 1344 593 primum*'

191 616 317 694 quanta
348 616 520 692 parentum
555 629 633 693 erga
665 607 782 673 liberos
814 609 933 674 caritas
966 609 1065 694 vulgo
1097 631 1164 674 esse
1200 609 1311 692 soleat,

190 709 343 790 ostendit,
375 708 491 774 deinde
519 721 689 797 postquam
719 711 807 774 illam
829 719 964 775 matrem
986 710 1069 776 filios
1091 713 1187 776 etiam
1208 713 1311 798 magis

189 810 285 876 solito
308 810 461 875 dilexisse
482 810 669 894 affirmavit,
696 813 911 879 constantiam
934 815 1002 878 eius
1023 815 1201 899 praedicat,
1228 835 1312 901 quae

189 911 423 998 suppliciorum
446 923 610 998 aspectum
633 925 763 1000 propter
783 917 935 1000 pietatem
956 914 1073 978 tulerit.
1108 915 1180 979 Hoc
1203 925 1311 979 autem

187 1013 260 1079 loco
289 1036 429 1080 amorem
459 1016 608 1097 fratrum,
640 1018 696 1102 qui
725 1016 823 1102 vulgo
847 1027 987 1081 naturae
1009 1016 1146 1083 vinculis
1169 1011 1312 1103 (φύσεως

191 1105 211 1130 ''
260 1120 271 1190 )
287 1117 487 1181 excitaretur
506 1126 537 1179 et
555 1119 645 1180 vitae
662 1119 891 1182 consuetudine
910 1129 1096 1202 augeretur,
1116 1118 1214 1182 etiam
1231 1119 1313 1182 eius·

213 1239 263 1281 em
295 1218 376 1302 legis
411 1219 614 1283 institutione
648 1230 680 1282 et
715 1220 894 1286 virtutibus
927 1222 1138 1286 communiter
1171 1219 1311 1286 colendis

187 1305 323 1429 (ἀρετῆς
350 1309 431 1421 ἤθη)
460 1320 563 1404 magis
593 1320 712 1383 elatam
740 1342 808 1385 esse
837 1320 1027 1390 declaravit.
1070 1321 1133 1385 Sed
1159 1323 1311 1408 quoniam

187 1419 256 1483 iam
272 1430 379 1501 antea,
401 1442 475 1486 cum
493 1421 534 1485 de
552 1421 693 1486 omuibus
710 1421 867 1487 fratribus
887 1421 1017 1504 diceret,
1039 1422 1117 1507 legis
1134 1422 1311 1507 potentiam

189 1520 315 1588 verbis:

253 1620 318 1698 κεὸ
331 1625 390 1700 τῆς
411 1614 569 1713 ἡμετέρας
590 1618 716 1712 ἐννόμῳ
735 1628 819 1690 θεοῦ
841 1614 1008 1725 ἀσκήσεως

189 1724 350 1809 laudavit,
371 1728 477 1791 nescio
499 1729 555 1815 qui
576 1728 698 1805 factum
720 1731 771 1810 sit,
793 1742 829 1793 ut
850 1751 1003 1813 magnum
1020 1730 1150 1794 ellonem
1170 1726 1310 1792 fratrum

188 1849 330 1892 amorem
358 1830 480 1913 partim
509 1831 669 1893 communi
698 1829 778 1914 legis
808 1830 1001 1894 institutioni
1023 1830 1180 1894 tribueret
1209 1823 1310 1915 (νόμῳ

190 1921 252 2014 γὰρ
271 1931 320 1994 τῶ
340 1917 430 2015 αὐτῷ
451 1927 710 2008 παιδευθέντες).
756 1930 831 2010 Qua
854 1953 888 1995 re
910 1933 1048 2016 suspicio
1069 1944 1228 2013 movetur,
1253 1941 1312 1995 aut

189 2051 229 2095 ea
257 2053 340 2116 quae
369 2031 564 2096 antecedunt
594 2031 695 2095 verba
725 2029 782 2095 καὶ
812 2033 871 2125 τῆς
885 2020 1102 2133 -ἆσκήσεως
1129 2043 1187 2097 aut
1209 2041 1310 2097 totum

190 2134 392 2198 enuntiatum
414 2127 502 2220 νόμῳ
525 2127 585 2219 γὰρ
602 2170 640 2179 -
654 2122 789 2219 ἠγάπων
811 2135 879 2200 tolli
901 2135 1028 2200 debere.
1071 2134 1182 2199 Facile
1203 2144 1310 2198 autem

189 2233 259 2299 fieri
281 2243 420 2320 poterat,
441 2245 480 2299 ut
500 2235 653 2300 librarius
673 2236 739 2322 qui,
759 2236 845 2322 quod
863 2247 975 2322 postea
992 2235 1162 2300 Beckkero
1182 2237 1311 2318 accidit,

192 2358 258 2400 rem
281 2334 365 2399 male
386 2335 555 2415 intellexit,
583 2358 657 2400 cum
678 2338 743 2398 iam
765 2338 798 2399 in
819 2339 922 2421 primo
944 2341 1109 2403 enuntiato
1132 2327 1192 2403 οὔκ
1214 2327 1309 2423 ἀγνο-

191 2439 258 2501 εῖτε
277 2434 314 2502 δὲ
336 2449 394 2502 etc.
417 2437 456 2501 de
478 2444 600 2521 septem
622 2436 684 2498 illis
709 2436 866 2502 fratribus
896 2439 1057 2525 disputari
1085 2440 1309 2522 arbitraretur,

190 2549 375 2624 suspectum
396 2540 501 2604 locum
530 2534 587 2600 καὶ
608 2539 666 2639 τῆς
687 2528 845 2631 ἡμετέρας
866 2551 922 2604 eto.
946 2543 1170 2627 interponeret.
1214 2544 1309 2608 Prae·

188 2650 278 2705 terea
296 2644 365 2705 veri
384 2654 432 2706 est
445 2641 579 2706 similius
594 2652 765 2721 oratorem,
788 2654 824 2705 ut
841 2644 873 2705 in
890 2644 997 2728 capite
1015 2645 1089 2710 XV.
1110 2644 1152 2709 ab
1167 2646 1309 2710 omnium

191 2741 379 2808 animalium
400 2764 509 2807 amore
529 2741 706 2806 liberorum
724 2763 858 2806 exorsus
873 2756 930 2823 est,
952 2745 998 2809 sio
1014 2744 1154 2810 hocloco
1170 2748 1308 2832 primum

178 2831 253 2911 'non
281 2845 383 2909 solum
412 2844 453 2909 de
474 2844 620 2925 Judaeis,
655 2843 711 2907 sed
742 2845 783 2908 de
810 2845 956 2910 omnibus
979 2846 1158 2912 hominibus
1178 2848 1309 2932 dixisse,
1351 2921 1352 2925 Ἰ

187 2970 260 3013 cum
283 2947 340 3013 hoc
363 2948 457 3012 modo
478 2948 636 3033 oppositio
659 2949 891 3012 sententiarum
912 2949 1012 3014 multo
1040 2950 1210 3015 dilucidior
1238 2972 1309 3014 uas-

188 3051 323 3115 eeretur.
1331 3093 1345 3133 ,

270 3151 408 3215 Restant
437 3162 543 3215 tamen
575 3152 650 3233 alia,
685 3172 768 3238 quae
790 3151 948 3226 hominem
968 3154 1115 3219 criticum
1136 3153 1308 3220 offendant.

188 3251 267 3318 Cum
290 3253 374 3317 enim
394 3253 485 3318 initio
506 3254 647 3339 paginae
664 3255 731 3318 294
749 3247 928 3340 (vdppydp
949 3292 988 3304 -
1004 3250 1238 3341 φιλαδελφίαν)
1259 3266 1308 3320 ter

187 3354 337 3442 deinceps
359 3372 490 3440 prorsus
514 3357 628 3420 eadem
650 3357 808 3420 sententia
830 3355 977 3439 quamvis
1004 3354 1135 3419 minoris
1156 3357 1308 3421 momenti

187 3458 239 3538 sit,
276 3458 461 3543 exagitetur
483 3467 514 3522 et
535 3457 621 3544 quod
644 3458 730 3522 haud
760 3460 864 3521 minus
887 3456 1065 3543 displiceat,
1098 3456 1210 3521 eadem
1233 3479 1323 3553 oon,

185 3559 346 3624 iunctione
366 3553 428 3644 γὰρ
459 3581 543 3645 quae
575 3560 617 3623 ad
641 3581 768 3624 sensum
791 3579 907 3644 parum
929 3557 1086 3642 quadrat,
1116 3542 1421 3638 conectsbitalur‘

185 3660 299 3726 dubito
320 3684 399 3728 num
421 3671 543 3725 tantam
574 3662 703 3726 dicendi
723 3662 970 3747 perversitatem
992 3660 1043 3723 Ps.
1066 3659 1219 3744 Josepho,
1251 3660 1307 3746 qui

186 3762 379 3850 elegantiam
401 3764 555 3828 sermonis
578 3786 704 3849 semper
726 3763 860 3848 appetit,
883 3762 1026 3827 tribuere
1047 3760 1150 3826 liceat.

270 3866 365 3932 Adde
387 3866 473 3954 quod
496 3869 527 3930 in
549 3868 661 3932 ultimo
684 3867 850 3931 enuntiato
867 3858 925 3928 odo
947 3857 1007 3947 γὰρ
1025 3865 1065 3948 τῇ
1082 3851 1230 3948 εὐσεβείᾳ
1249 3872 1308 3926 eto.

187 3969 293 4054 inepte
314 3969 355 4033 de
377 3967 445 4032 sola
464 3969 588 4055 pietate
605 3969 735 4049 dicitur,
756 3988 952 4054 quamquam
969 3975 1079 4028 orator
1098 3963 1132 4026 in
1149 3965 1307 4048 sequenti·

186 4066 245 4139 bus
268 4067 375 4134 verbis
398 4091 471 4134 oum
502 4071 610 4135 omnia
631 4080 824 4154 argumenta
852 4065 1147 4152 comprehenderet,
1179 4066 1307 4151 pietatis

185 4171 376 4237 mentionem
407 4193 469 4236 uon
499 4173 585 4254 fecit,
616 4171 671 4236 sed
702 4173 855 4238 virtutem
884 4160 1013 4263 (ἀρετῆς
1039 4159 1119 4257 ἤθη)
1142 4191 1239 4254 quam
1261 4168 1307 4232 illi
