3000 4876
722 320 760 387 21

648 409 850 420 ——....-..

184 537 242 584 nco
271 517 394 605 aliquid
423 517 494 583 fieri
522 519 749 604 significetur.¹
784 522 829 587 Iis
863 532 989 588 tantum
1016 522 1095 589 locis
1122 520 1240 610 quibus
1267 502 1344 588 dc⁸

183 619 280 686 robus
296 621 406 705 agitur
422 620 512 686 illam
526 622 730 688 instrumenti
745 625 903 689 notionem
918 622 1024 691 habet.
1055 623 1106 707 (cf.
1125 647 1156 710 p.
1176 624 1249 705 281,
1267 624 1307 689 14

186 720 356 800 αἰκισθείς
383 718 441 789 διὰ
463 727 521 810 τίς
542 721 765 810 συμβουλίας).
806 727 879 792 Ηοο
900 736 1009 792 autem
1037 725 1105 792 loco
1130 727 1157 790 si
1181 728 1233 795 Ps.
1257 727 1307 792 Io-

184 825 310 914 sophus
320 827 557 911 praepositione
576 829 626 892 uti
648 827 798 910 voluerit,
819 850 882 892 non
903 827 1017 893 dubito
1040 828 1118 914 quin
1139 828 1305 914 scripserit

183 916 241 993 ὑπ’
265 915 373 992 αὑτῶν
393 931 647 1031 καθαριοθῆιαι
674 950 777 1016 aeque
799 951 838 994 ac
861 928 957 1015 paulo
979 937 1056 994 ante
1076 929 1197 1015 legitur
1218 933 1306 994 θαυ-

183 1028 370 1113 μασθέντος
397 1024 458 1116 γὰρ
488 1022 555 1095 ὑπὸ
575 1025 717 1110 πάντων,
750 1032 801 1098 vel
822 1033 928 1096 minus
957 1031 1097 1097 dilucide
1126 1028 1160 1097 di
1188 1021 1308 1111 αὐτοὺς

184 1154 284 1220 quam
300 1141 508 1215 structuram,
531 1135 653 1199 utiam
675 1135 715 1200 T.
734 1135 911 1213 Mommsen
932 1135 1172 1218 animadvertit,
1196 1145 1308 1200 orator
1333 1107 1467 1201 Mun?

184 1234 283 1302 valde
304 1234 444 1300 adamat.
481 1236 617 1302 Accedit
638 1238 724 1324 quod
745 1239 778 1302 in
799 1237 867 1302 ΒΑ
888 1247 1039 1324 suspecta
1062 1238 1163 1304 verba
1186 1233 1221 1304 ὑί
1246 1227 1307 1303 αό-

183 1337 252 1401 uta
273 1358 406 1422 prorsus
428 1338 640 1420 omittuntur,
668 1361 771 1425 neque
791 1338 859 1405 loco
881 1339 956 1405 huic
978 1339 1139 1405 simillimo
1168 1362 1208 1404 es
1237 1340 1305 1405 adi·

183 1440 316 1505 ciuntur
337 1461 409 1527 cap.
428 1441 539 1511 XVII.
561 1464 592 1527 p.
615 1442 688 1524 301,
712 1443 732 1507 9
754 1430 837 1506 ἀλλὰ
858 1440 916 1506 καί
937 1444 987 1528 τῷ
1006 1441 1027 1506 d
1035 1437 1048 1507 ί
1070 1430 1229 1519 αὑτοὺς
1248 1444 1308 1508 τοῦ

185 1537 306 1619 ἔθνους
325 1533 417 1633 ἡμῶν
437 1537 515 1621 τοὺς
535 1539 714 1627 πολεμίους
737 1540 783 1638 μὴ
810 1543 1030 1648 ἐπικρατῆσαι
1050 1595 1058 1612 .
1078 1593 1134 1611 ...
1156 1544 1214 1611 καί
1234 1539 1307 1617 τὴν

185 1637 380 1729 πατρίδα
401 1647 750 1741 καθαρισθῆυαι.
1274 1622 1282 1655 s

272 1745 367 1826 Quae
394 1769 469 1812 cum
498 1748 544 1811 ita
574 1749 676 1812 sinte
697 1769 748 1812 me
768 1769 833 1811 non
854 1767 984 1831 possum
1004 1747 1197 1833 impetrare,
1228 1748 1307 1834 quin

185 1848 397 1913 librariorum
418 1849 516 1935 culpa
538 1869 577 1914 ea
598 1849 752 1914 insedisse
774 1847 912 1915 credam.

259 1951 382 2017 ,Pauca
405 1953 502 2016 etiam
524 1951 565 2016 de
586 1949 734 2017 hocloco
756 1953 872 2036 capitis
889 1950 947 2014 IV.
968 1971 1000 2034 p.
1019 1949 1092 2031 276,
1114 1948 1155 2013 29
1186 1947 1308 2014 sddere

186 2051 267 2116 mihi
288 2053 322 2117 in
344 2059 450 2118 animo
472 2064 537 2118 est:

251 2146 477 2241 ὑπερασπίσαι
498 2158 558 2221 τοῦ
581 2151 669 2241 ἱεροῦ
691 2148 999 2240 καταφρονουμένου
1020 2153 1080 2216 τοῦ
1100 2142 1205 2214 τόπου

187 2278 251 2343 quo
271 2257 452 2342 Bekkerus‚
474 2279 548 2322 cum
564 2257 658 2321 nimis
675 2255 865 2321 festinanter
882 2259 1213 2334 textum'recenseret
1235 2253 1309 2315 sim·

170 2359 314 2452 'pliciter
332 2358 435 2425 verba
451 2363 511 2424 τοῦ
531 2352 635 2425 τόπου
651 2360 798 2440 removit,
816 2377 1012 2444 quamquam
1037 2357 1092 2443 qui
1111 2354 1234 2420 factum
1255 2355 1308 2437 sit,

189 2468 227 2524 ut
257 2461 290 2523 in
311 2456 488 2526 oraticnem
509 2462 699 2547 irreperent,
720 2459 878 2546 explicari
904 2460 1026 2546 nequit.
1074 2459 1182 2544 Magis
1202 2457 1305 2542 igitur

187 2562 433 2627 Freudenthalii
454 2565 641 2630 coniectura
663 2563 779 2650 placet,
801 2584 895 2649 quem
915 2560 1121 2626 scribendum
1142 2558 1309 2646 putavisse

188 2665 318 2729 memini
338 2656 565 2751 ὑπερασπίσαι
586 2669 646 2731 τοῦ
664 2661 753 2752 lepori
770 2660 1077 2751 καταφρονουμένου
1096 2656 1210 2728 τόπου.
1244 2661 1307 2727 Sed
1333 2710 1337 2716 -

187 2765 340 2851 quoniam
363 2789 428 2832 vox
449 2763 546 2853 lepori,
577 2777 813 2854 qusepropter
834 2767 1072 2831 antecedentem
1096 2765 1307 2830 elocutionem

187 2865 223 2930 ἐν
241 2869 290 2954 τῷ
311 2861 387 2953 ἱερῷ
403 2870 544 2967 maxime
560 2868 727 2955 superflua
741 2879 799 2951 est,
820 2868 863 2933 ab
881 2868 1008 2955 optimis
1026 2867 1118 2934 codd.
1136 2866 1306 2946 omittitur,

186 2979 267 3054 puto
295 2970 343 3058 ita
370 2971 434 3056 legi
464 2971 597 3037 debere:
650 2964 879 3058 ὑπερασπίσαι
911 2973 970 3035 τοῦ
998 2966 1305 3056 καταφρονουμένου

187 3066 300 3155 τόπου,
323 3075 512 3158 praesertim
528 3096 601 3139 cum
624 3095 682 3160 pro
700 3096 744 3154 eo,
767 3072 853 3160 quod
878 3073 929 3139 vir
948 3072 1002 3137 ille
1015 3073 1218 3138 doctissimus
1235 3092 1308 3137 con·

188 3177 272 3259 iecit,
293 3175 444 3258 nesciam,
474 3197 516 3241 an
538 3185 651 3242 auctor
673 3177 854 3262 scripserit:
884 3177 943 3241 τοῦ
965 3171 1054 3261 ίεροῦ
1078 3169 1182 3240 τόπου
1204 3195 1307 3238 κατα-

171 3273 420 3364 Ιφρουουμίαου.

271 3379 393 3443 Eodem
415 3378 522 3464 capite
542 3381 588 3464 (p.
605 3380 678 3460 276,
693 3381 726 3460 8)
746 3376 846 3463 paulo
866 3385 941 3440 ante
960 3375 1096 3462 legitur:
1118 3369 1307 3459 διαβάλλων

189 3472 271 3566 ὑπὲρ
293 3483 354 3545 τοῦ
377 3475 505 3556 ἔθνους.
558 3480 652 3560 Quae
674 3478 776 3546 verba
797 3481 862 3542 iam
883 3478 1009 3564 pridem
1028 3477 1201 3562 diligenter
1229 3499 1306 3563 pon-

188 3581 307 3647 derans
329 3580 550 3647 Frendenthal
580 3586 623 3667 (p.
644 3583 718 3662 167)
745 3580 961 3660 iudicaverat,
991 3577 1114 3667 aliquid
1136 3579 1207 3645 vitii
1235 3578 1309 3644 sub-

189 3707 256 3750 esse
284 3685 317 3748 in
346 3705 425 3751 voce
455 3674 547 3769 ὑπὲρ,
580 3684 699 3770 quippe
731 3703 816 3769 quae
844 3682 906 3746 hoc
934 3679 1004 3747 loco
1032 3703 1128 3747 sensu
1157 3681 1309 3767 carerem,

189 3795 288 3871 atque
315 3784 501 3849 ostenderat
524 3807 583 3870 pro
613 3776 696 3870 ὑπὲρ
727 3782 899 3870 legendum
931 3805 999 3848 esse
1026 3776 1121 3847 κατά.
1165 3780 1309 3846 Subiccit

189 3885 303 3950 deinde
322 3886 461 3951 rationes
483 3884 600 3973 quibus
622 3884 795 3952 verisimile
815 3885 964 3967 efficeret,
985 3883 1075 3949 illam
1097 3883 1309 3969 depravatam
1406 3960 1409 3965 ,

190 3985 357 4053 lectionem
387 3988 596 4054 librariorum
618 3987 716 4073 culpa
745 3997 857 4052 natam
888 4009 965 4052 esse.
1011 3986 1054 4050 Et
1082 3995 1186 4072 potest
1212 3986 1309 4050 alicui
1348 4000 1351 4006 ’

189 4089 388 4173 persuaderi,
420 4091 555 4154 hominis
577 4089 661 4154 docti
683 4089 868 4155 coniectura
890 4088 996 4155 locum
1018 4089 1050 4151 in
1072 4090 1233 4174 integrum
1256 4110 1304 4152 re-

191 4190 343 4257 stitutum
365 4212 441 4258 esse.
491 4190 559 4276 Ego
581 4212 677 4272 vero,
710 4211 784 4256 cum
805 4188 1053 4258 Freudenthalii
1082 4193 1307 4261 coniecturaa
