3000 4876
727 282 811 384 ta

183 492 344 579 opinione,
366 492 421 579 qui
443 490 529 556 Xlll
552 492 659 578 capita
683 491 863 557 laudationi
885 489 1155 560 Maccahaeorum
1177 491 1303 576 tribuit,

185 597 218 660 in
242 595 305 659 hac
326 595 471 658 oratione
485 594 606 659 factum
626 594 698 658 est?
728 595 829 660 Immo
846 596 932 682 quod
948 596 1041 660 homo
1060 597 1173 663 doctus
1189 619 1305 683 parum

185 697 329 763 dilucide
353 688 518 780 „Escurd
545 695 735 782 appellavit,
758 697 790 761 id
813 720 912 762 unum
935 701 1065 786 proprie
1086 699 1231 765 laudatio
1254 723 1308 766 vo·

185 808 288 866 catur.
326 799 440 884 Neque
462 798 565 879 video,
587 821 650 885 quo
672 799 766 863 modo
792 799 973 883 discrimen,
994 801 1080 889 quod
1101 803 1184 867 inter
1203 825 1308 868 exem-

186 902 242 989 pla
265 912 297 966 et
320 901 503 967 testimonia
526 900 579 964 illc
600 902 707 966 facere
728 911 863 966 conatus
885 912 942 984 est,
965 903 1063 968 liceat
1084 927 1225 969 servare.
1269 905 1309 969 Id

188 1004 319 1092 quidem
341 1003 428 1089 quod
444 1026 474 1088 p.
494 1003 568 1083 214,
591 1005 694 1068 1-6
718 1003 899 1088 exemplum
915 1006 1102 1091 appellavit,
1123 1008 1227 1072 nescio
1245 1029 1310 1095 qua

189 1107 374 1172 differentia
404 1103 447 1169 ab
476 1105 743 1171 antecedentibus
773 1107 959 1172 testimoniis
991 1120 1169 1195 separetur.
1214 1112 1310 1175 Prae·

186 1219 278 1273 teres
290 1207 348 1272 illa
360 1206 580 1292 exemplorum
592 1219 624 1272 et
633 1209 885 1274 testimoniorum
895 1211 1035 1276 inversio
1054 1214 1098 1295 (3,
1105 1214 1134 1276 4.
1148 1215 1179 1296 4,
1188 1213 1222 1298 3)
1236 1236 1309 1279 cum

185 1311 279 1378 nulla
296 1333 332 1375 re
353 1320 536 1390 excusetur,
568 1332 626 1394 per
648 1333 683 1375 se
704 1311 769 1373 iam
791 1312 1004 1396 suspicionem
1030 1323 1147 1382 movet.
1191 1315 1308 1380 Videa-

186 1438 259 1479 mus
280 1414 390 1498 igitur,
422 1436 495 1478 cum
518 1414 762 1478 Freuclenthalii
784 1417 889 1500 opinio
912 1414 1097 1501 displiceat,
1131 1439 1194 1504 quo
1217 1419 1310 1485 modo

186 1540 247 1583 nos
266 1517 411 1602 singulas
429 1525 540 1601 partes
565 1516 804 1580 distribuendas
821 1540 889 1582 esse
907 1540 1103 1584 censeamus,
1135 1519 1311 1604 Dispositio

185 1621 270 1684 haec
291 1629 355 1683 est:

243 1723 270 1786 I.
293 1721 482 1785 Exordium.

223 1824 259 1888 ΙΙ
292 1821 492 1908 Hypothesis

317 1925 350 2009 1)
374 1922 515 1988 definitio
537 1944 567 2007 p.
587 1921 660 2001 211,
683 1921 722 1984 18
737 1920 864 2002 -272,
889 1923 939 2003 16,

318 2027 352 2108 2)
375 2025 525 2112 probatio
548 2048 578 2109 p.
597 2023 670 2104 212,
691 2024 729 2086 17
742 2024 868 2106 -275‚
888 2026 940 2092 29.
1014 2056 1017 2061 ·

211 2130 272 2196 ΠΙ.
298 2129 446 2194 Historia
468 2149 539 2212 cap.
556 2126 605 2189 IV
620 2162 659 2172 -
672 2125 755 2190 XVI

318 2235 349 2312 1)
371 2230 567 2297 introductio
590 2252 621 2314 p.
641 2230 714 2311 275,
733 2229 774 2294 30
788 2264 825 2276 -
839 2229 912 2310 278,
930 2230 962 2310 6,

316 2335 349 2414 2)
370 2333 516 2396 narratio

342 2457 372 2502 a.
394 2432 555 2520 supplicia
573 2432 723 2497 Eleazari
745 2441 929 2497 tractantur

384 2558 415 2599 o.
437 2536 636 2620 narratiop
656 2535 728 2616 218,
749 2535 908 2615 7-28a
930 2533 980 2613 12,

382 2640 413 2719 β.
437 2634 665 2720 recapitulatio
687 2659 718 2721 p.
711 2635 811 2716 .282,
822 2635 915 2700 13-
929 2634 981 2715 20,

387 2758 429 2822 p.
427 2736 584 2800 laudatio
603 2759 635 2822 p.
627 2736 719 2819 .,282
737 2737 834 2800 21-
846 2737 919 2820 283,
931 2737 980 2802 27.

341 2839 371 2904 b.
393 2839 554 2927 supplicia
573 2849 695 2926 septem
715 2840 781 2904 frat
768 2849 854 2904 trum

383 2967 414 3009 α.
437 2944 583 3008 narratio
605 2967 636 3030 p.
651 2944 724 3026 284,
743 2945 760 3008 ἵ
776 2979 815 2990 -
827 2942 900 3024 292,
919 2942 969 3025 16,

384 3049 416 3128 β.
439 3043 667 3131 recapitulatio
687 3067 718 3130 p.
734 3045 807 3126 292,
827 3047 865 3110 16
878 3044 982 3125 -’-22,

386 3169 415 3233 y.
438 3149 585 3214 laudatio
606 3172 638 3234 p.
652 3150 725 3232 292,
745 3151 785 3212 22
801 3186 834 3195 --
853 3148 925 3227 295,
941 3146 970 3212 3.

344 3272 370 3316 c.
397 3250 522 3315 dolores
545 3252 657 3314 matris
702 3298 722 3336 ,

385 3374 416 3416 o.
439 3354 583 3417 narratio
602 3377 632 3438 p.
646 3352 719 3440 295,
739 3352 811 3414 4-
825 3355 899 3436 298,
917 3357 944 3436 9,

386 3457 418 3536 β.
441 3453 899 3540 recsprtu1a10p298f-il
917 3458 967 3539 11,
1026 3446 1162 3516 ἔνδοθεν
1184 3444 1278 3513 πόνοι

383 3576 412 3638 y.
437 3555 583 3619 laudatio
606 3579 636 3642 p.
652 3556 725 3636 298,
747 3557 835 3619 11-
797 3556 915 3639 -299,
934 3557 985 3626 13.

216 3634 277 3721 IV.
302 3653 479 3722 Conclusio.

285 3755 390 3843 Atque
411 3744 534 3822 adhuc*
535 3754 708 3842 dispositio
733 3758 813 3822 satis
835 3757 926 3822 clara
949 3766 1004 3824 est.
1041 3756 1091 3821 Ea
1109 3765 1215 3820 autem
1237 3753 1318 3819 diffi-

196 3856 311 3941 cultas,
342 3881 440 3944 quam
462 3861 566 3924 inesse
587 3882 687 3946 supra
709 3860 955 3943 affirmavimus,
977 3863 1071 3924 tertio
1096 3861 1203 3944 capite
1229 3880 1318 3943 repe·

197 3962 293 4027 ritur.
346 3962 524 4042 Quaeritur
547 3965 641 4045 enim,
663 3986 737 4029 cum
759 3962 884 4050 reliqua
905 3964 1060 4028 orationis
1082 3961 1226 4026 membra
1248 3983 1319 4024 con·

198 4064 292 4128 oinuc
310 4064 481 4132 distributa
503 4067 585 4147 sint,
619 4068 661 4129 sit
690 4067 787 4130 etism
814 4066 962 4152 probatio
992 4087 1076 4153 quae
1103 4075 1258 4145 vocatur,
1287 4065 1318 4126 in

198 4165 344 4250 singulas
363 4169 587 4253 portiunculas
620 4168 661 4234 ab
687 4179 816 4234 auctore
839 4178 1003 4256 separata,
1033 4191 1140 4233 necne.
1181 4168 1223 4230 Et
1244 4189 1319 4252 quo·
1382 4245 1385 4251 .

1101 4280 1119 4336 3

1029 2784 1154 2868 ἔξωθεν
1176 2780 1271 2849 πόνοι
