3000 4876
733 320 774 385 at

191 517 289 584 tibus.
332 517 453 583 Contra
482 540 576 605 quem
598 518 818 583 Fraudenthal
845 518 934 583 illam
956 521 1089 586 alterius
1112 524 1215 590 Maec.
1237 522 1313 589 libri

189 629 318 706 partem
336 622 379 702 (V
380 621 398 685 l
411 621 450 686 18
465 658 504 668 —
520 621 587 685 VII
604 623 655 701 14)
674 631 836 686 oratorem
851 643 915 689 non
936 623 1143 688 tractandam
1162 624 1225 689 sibi
1241 648 1314 711 pro·

189 724 345 808 posuisse,
367 723 424 788 sed
445 733 619 810 utramque
637 725 855 790 narrationem
877 747 920 790 ex
942 725 1052 790 eodem
1072 725 1159 790 fonte
1181 726 1315 793 fluxisse

190 824 432 891 animadvertit.
465 825 554 890 Dicit
575 827 677 888 enim:

281 925 344 1004 „Es
365 925 500 990 handelt
520 925 589 990 sich
609 926 676 990 also
699 926 769 990 hier
791 948 854 989 nur
877 947 931 989 um
954 927 1025 990 eine
1041 927 1234 1013 Benutzung
1255 929 1314 995 der

189 1027 386 1093 Geschiohte
413 1026 466 1091 fiir
485 1027 677 1092 moralische
700 1026 766 1090 und
789 1026 986 1092 rhetorische
1006 1029 1145 1095 Zwecke
1159 1084 1167 1099 .
1179 1079 1207 1101 ..
1243 1033 1312 1096 Das

188 1129 392 1195 Schriftchen
414 1131 456 1194 ist
477 1129 545 1193 also
565 1128 660 1192 keine
682 1128 839 1196 Homilie.
853 1178 904 1196 ...
929 1129 976 1192 als
997 1130 1234 1217 Schwerpunkt
1258 1132 1314 1197 des

189 1233 328 1299 Ganzen
349 1234 431 1298 wird
454 1232 620 1313 vielmehr,
656 1233 717 1296 wie
745 1233 778 1295 in
810 1231 871 1295 den
892 1231 1115 1316 griechischen
1135 1232 1314 1298 Rhetoren·

188 1334 335 1417 schulen,
358 1337 408 1398 ein
430 1334 706 1421 philosophischer
729 1334 806 1398 Satn
828 1334 1037 1418 hingestellt,“

162 1499 165 1505 ,
242 1514 244 1520 Ι
274 1436 366 1501 Haec
376 1438 487 1537 igitur
509 1437 573 1502 viri
594 1436 679 1500 docti
700 1444 900 1519 statuerunt3
928 1457 984 1499 nos
1006 1446 1114 1499 autem
1136 1459 1177 1501 ne
1197 1436 1315 1500 sunda·

189 1547 294 1602 mento
327 1538 511 1628 careamus,
541 1539 642 1624 ipsius
676 1540 817 1602 auctoris
850 1539 952 1602 verba
985 1539 1170 1602 accuratius
1207 1540 1312 1603 animo

189 1639 450 1725 complectamur,
478 1662 554 1706 nam
577 1641 611 1703 ni
631 1640 727 1703 fallor
747 1640 807 1704 hac
828 1640 896 1704 sola
918 1641 1040 1703 ratione
1061 1641 1207 1726 quaestio
1229 1641 1310 1704 diiu-

188 1742 295 1806 dicari
322 1752 354 1806 et
382 1742 425 1806 ad
454 1741 549 1807 finem
573 1743 707 1829 perduci
728 1754 842 1829 potest.
886 1742 1009 1807 Summi
1030 1754 1139 1807 autem
1157 1745 1309 1807 momenti

164 1847 344 1933 'prooemii
375 1847 478 1910 verba
507 1857 596 1910 sunt:
633 1840 908 1933 φιλοσοφώτατον
937 1838 1032 1929 λόγον
1057 1839 1312 1910 ἐπιδείκνυσθαι

187 1944 317 2029 μέλλων
339 1957 409 2030 etc,
430 1970 513 2034 quae
530 1971 592 2035 quo
613 1948 726 2014 molius
744 1971 810 2013 rem
826 1949 1090 2034 perspiceremus,
1112 1950 1146 2014 in
1166 1950 1310 2034 patrium

190 2071 367 2114 sermonem
389 2051 437 2113 ita
459 2051 626 2115 transtuli:

277 2151 352 2230 „Ich
366 2153 432 2216 will
447 2152 529 2217 euch
542 2152 689 2238 (einmal)
710 2154 781 2217 eine
799 2151 892 2216 recht
906 2151 1167 2237 philosophische
1184 2151 1313 2243 Prunh-

186 2253 276 2317 Rode
297 2253 409 2317 halten
429 2253 509 2318 tiber
532 2255 591 2317 das
612 2254 744 2335 Thema,
773 2252 815 2318 ob
837 2254 889 2317 die
909 2254 1075 2318 Vernunft
1096 2255 1311 2318 Herrsoherin
1416 2296 1423 2303 -

188 2355 246 2419 der
268 2356 392 2420 Affecte
412 2357 468 2440 ist3
491 2357 534 2420 da
555 2361 680 2421 mdchte
700 2357 752 2420 ich
773 2356 853 2420 euch
871 2378 937 2419 nun
955 2358 1048 2420 recht
1065 2357 1137 2421 sehr
1152 2358 1311 2442 gerathen

189 2457 305 2540 baben,
327 2458 402 2523 dass
425 2459 475 2522 ihr
497 2460 619 2524 hiihsch
639 2460 726 2524 Acht
747 2458 824 2544 geht
846 2458 906 2521 auf
923 2458 974 2522 die
993 2458 1204 2545 Philosophie,
1226 2461 1309 2525 deun

190 2561 295 2625 meins
315 2560 405 2626 Rede
425 2564 466 2625 ist
489 2562 601 2647 nothig
620 2586 661 2626 zu
684 2561 811 2626 Wissen
835 2562 886 2624 fiir
910 2562 1134 2627 Jedermann.“

271 2661 366 2742 Quae
383 2664 486 2731 verba
502 2667 557 2752 qui
575 2667 642 2729 sine
664 2666 714 2728 ira
733 2685 772 2728 ac
791 2665 897 2729 studio
915 2664 1179 2746 consideraverit,
1204 2665 1309 2729 nescio

187 2786 229 2827 an
258 2763 421 2830 audientes
451 2767 509 2830 hoc
537 2768 616 2849 loco,
649 2789 713 2830 non
735 2767 875 2851 legentes
898 2767 983 2852 quod
1006 2768 1183 2832 Grimmius
1206 2766 1309 2831 voluit

185 2873 344 2929 oratorem
367 2866 488 2952 alloqui
508 2870 634 2933 sentiat.
674 2868 748 2932 Tali
769 2879 878 2932 autem
900 2868 1130 2932 adhortatione
1152 2877 1190 2932 ut
1210 2868 1309 2954 philo·

185 2966 329 3052 sophiam
352 2977 473 3031 attente
499 2970 696 3034 audiant-
719 2971 895 3046 eamenim
923 2968 1071 3034 omnibus
1096 2970 1309 3034 necessariam
1413 3030 1421 3039 ,

185 3088 263 3150 esse,
275 3089 403 3131 -num
418 3069 561 3135 homines
583 3094 618 3135 re
639 3094 718 3138 vera
734 3073 875 3136 eruditos
894 3073 944 3139 Ps.
964 3072 1127 3157 Josephus
1150 3071 1308 3135 allocutus

184 3169 291 3251 fuerit,
313 3170 519 3236 vehementer
540 3172 665 3241 dubito.
686 3173 801 3259 Itaque
823 3175 971 3260 quamvis
990 3171 1215 3238 Frendenthal
1233 3172 1309 3236 huic

185 3272 362 3336 sententiae
391 3275 634 3358 repugnaverit,
668 3274 775 3338 facere
805 3296 868 3338 non
896 3296 1037 3359 possum,
1072 3276 1149 3361 quin
1179 3297 1231 3338 eos
1254 3276 1309 3361 qui

185 3374 359 3438 audierunt
388 3386 475 3440 recte
503 3398 523 3440 a
553 3378 624 3442 viro
655 3377 760 3458 docto,
794 3380 831 3440 ni·
856 3377 951 3441 fallor
985 3399 1005 3439 a
1034 3377 1191 3443 Grimmio
1232 3378 1311 3455 „Ge-

185 3476 331 3543 mischtes
353 3478 738 3565 Synagogenpublilrum“
774 3480 930 3567 apellatos
953 3501 1021 3543 esse
1047 3479 1186 3544 credam.
1229 3479 1309 3545 Oun-

184 3579 326 3643 siderate
348 3589 455 3643 tamen
478 3581 552 3648 alia.
598 3584 634 3648 ln
663 3583 726 3645 illis
748 3570 885 3647 oratorii
907 3581 1025 3665 verbis,
1058 3583 1115 3670 qui
1137 3592 1307 3668 postquam

184 3682 262 3768 quid
284 3682 347 3747 sibi
368 3683 576 3748 tractandum
598 3687 816 3771 proposuisset
837 3685 1026 3770 explicavit,
1061 3683 1238 3764 audientes,
1273 3695 1309 3747 ut

183 3783 269 3850 hanc
286 3783 506 3870 philosophiae
523 3788 701 3851 orationem
717 3795 837 3849 attente
857 3786 1016 3866 audirent,
1040 3784 1231 3848 adhortatus
1251 3795 1308 3865 est,

185 3905 256 3948 eam
277 3885 362 3948 cuim
383 3885 531 3950 omnibus
561 3888 743 3952 hominibus
766 3887 875 3950 utilem
897 3887 975 3967 fore,
1008 3886 1205 3952 subauditur
1229 3887 1308 3951 tales

185 3986 345 4050 orationes
367 3986 466 4072 vulgo
489 4010 562 4052 eum
584 4010 648 4053 non
674 3987 836 4069 habuisse,
865 3989 920 4052 sed
945 3987 1024 4051 alias
1046 3990 1203 4075 quasdam
1225 4010 1308 4075 quae

185 4085 419 4173 philosophiam
440 4111 505 4155 non
527 4091 735 4175 attingerent.
779 4091 863 4154 Nam
885 4091 912 4152 si
933 4091 1063 4175 saepius
1086 4100 1150 4153 tarn
1172 4090 1308 4175 philoso-

184 4188 296 4275 phicas
318 4198 354 4253 ut
375 4190 435 4256 hoc
457 4192 558 4257 verbo
581 4202 665 4275 utar,
700 4193 860 4256 orationes
881 4191 1058 4275 habuisset,
1090 4214 1171 4277 opus
1193 4193 1222 4259 ei
1243 4212 1308 4262 non
