3000 4876
808 314 849 382 12

264 522 443 588 breviorem
463 521 633 585 lectionem
654 520 826 606 praebent:
859 507 1006 582 ἀλλ’ὅσοι
1028 521 1085 604 τῆς
1107 505 1276 600 εὐσεβείας
1298 540 1386 600 προ-

265 628 395 689 νοοῦσιν
424 621 460 700 ἐξ
482 615 556 708 ὅλης
578 616 724 706 καρδίας,
756 605 848 684 οὗτοι
869 614 964 701 μόνοι
986 613 1142 683 δύνανται
1165 623 1296 704 κρατεῖν
1317 623 1386 684 τῶν

264 729 321 802 τις
340 718 459 810 σαρκὸς
475 727 608 788 παθῶν.
631 745 729 809 quam
755 722 954 786 h'ritzsehius
978 724 1153 807 genuinam
1180 746 1246 787 esse
1268 734 1386 789 censet.

265 828 470 914 Quamquam
493 849 566 892 eum
587 849 704 912 parum
727 824 871 906 eluceat,
904 824 1061 911 quomodo
1092 825 1196 890 altera
1221 827 1386 912 seriptnra

265 955 306 996 ex
321 931 425 995 altera
441 931 531 995 nasei
545 930 698 1015 potuerit,
721 930 791 994 veri
814 938 860 992 est
881 927 1077 992 simillimum
1098 938 1247 992 neutram
1278 929 1386 993 leetio-

264 1055 336 1100 nem
358 1033 401 1097 ad
423 1034 528 1118 ipsum
549 1033 600 1097 Ps.
623 1031 801 1119 Josephum
824 1032 940 1112 redire,
962 1029 1018 1095 sed
1039 1030 1096 1094 illa
1118 1031 1220 1096 verba
1243 1053 1263 1095 a
1284 1031 1385 1096 libra-

263 1139 319 1201 riis
341 1136 531 1202 Christianis
555 1135 681 1200 adiecta
704 1157 790 1217 esse,
823 1136 878 1218 qui
907 1133 993 1219 quod
1016 1132 1236 1220 philosophiae
1259 1133 1413 1220 tantum,2

264 1263 328 1303 non
349 1239 477 1324 pietatis
507 1239 557 1302 vis
582 1238 818 1319 illustraretur,
848 1259 945 1322 aegre
972 1237 1130 1303 ferebant.
1170 1238 1277 1323 Atque
1305 1237 1387 1304 haee

264 1364 335 1407 mea
347 1342 453 1426 opinio
471 1340 629 1426 singulari
642 1340 819 1406 elocutione
833 1341 892 1424 τῆς
912 1332 1032 1423 σαρκὸς
1049 1340 1173 1402 παθῶν
1192 1360 1276 1425 quae
1294 1339 1384 1423 apud

263 1445 314 1508 Ps.
337 1441 508 1527 Iosephum
537 1442 694 1505 inusitata
720 1449 778 1521 est,
801 1439 897 1507 valde
920 1440 1139 1510 confirmatur.
1180 1440 1276 1506 Nullo
1300 1442 1385 1505 euim

263 1546 349 1632 quod
381 1546 446 1610 seio
476 1546 616 1630 genuino
645 1544 714 1609 loeo
743 1545 898 1609 orationis
928 1547 1033 1610 earnis
1063 1546 1110 1608 ita
1134 1545 1254 1610 montio
1276 1542 1325 1625 fit,
1347 1554 1385 1608 ut

264 1669 365 1733 aeque
394 1656 491 1732 atque
510 1647 542 1709 in
565 1669 648 1712 nevo
674 1655 864 1711 testamento
889 1649 933 1729 (et
955 1647 1016 1712 hoe
1037 1645 1119 1726 loeo)
1149 1642 1293 1732 prototo
1315 1668 1384 1712 eor·

263 1773 342 1837 pore
362 1749 567 1815 adhibeatur.

348 1854 415 1919 Nee
435 1854 540 1916 minus
561 1852 678 1916 otiandi
696 1853 730 1914 in
748 1853 788 1914 iis
810 1851 917 1916 verbis
934 1873 1017 1936 quae
1039 1851 1136 1937 paulo
1158 1851 1230 1937 post
1252 1855 1296 1938 (p.
1308 1852 1384 1936 284,

264 1958 296 2035 2)
318 1957 486 2040 leguntur,
517 1947 931 2039 salmanasarregem,
960 1954 1080 2040 quippe
1105 1974 1190 2039 quae
1219 1969 1239 2018 a
1259 1955 1313 2020 Ps.
1334 1953 1384 2019 Io·
1415 2006 1421 2018 .

263 2058 355 2144 sephi
386 2059 512 2123 ratione
546 2059 703 2122 sentiendi
733 2071 770 2122 ut
798 2057 878 2120 mihi
907 2058 1035 2122 videtur
1066 2056 1163 2122 valde
1189 2056 1381 2141 discrepent.

264 2161 338 2225 Hae
359 2161 442 2224 euim
465 2161 641 2227 elocutione
666 2163 728 2226 uisi
750 2162 905 2227 violenter
929 2160 1029 2228 verba
1050 2160 1179 2246 premia,
1209 2158 1299 2223 aliud
1321 2181 1385 2222 non

263 2261 472 2348 signifieatur,
506 2285 603 2347 quam
631 2264 783 2346 homines,
809 2285 882 2328 eum
913 2264 1008 2327 deum
1038 2285 1072 2327 se
1105 2262 1294 2327 adiuturum
1317 2282 1386 2324 esse

264 2361 480 2445 confiderent,
503 2366 636 2430 affectus
657 2388 750 2451 posse
772 2387 937 2447 ooereere,
967 2366 1053 2450 quod
1076 2375 1114 2429 ut
1135 2388 1209 2430 oum
1229 2364 1384 2430 Christia-

263 2489 378 2531 norum
400 2466 481 2550 fide,
514 2468 570 2554 qui
591 2466 687 2532 deum
709 2468 895 2532 clementem
917 2479 1044 2552 patrem
1067 2489 1136 2531 esse
1159 2468 1306 2549 eredunt,
1328 2489 1383 2552 op-

265 2568 341 2632 time
362 2566 538 2654 eonsendit,
560 2570 609 2633 ita
630 2579 743 2635 eontra
764 2571 906 2634 auctoris
928 2569 1042 2634 Iudaei
1065 2571 1255 2634 sententiam
1276 2569 1385 2656 prola·

187 2718 193 2726 ,
265 2683 334 2736 tum
355 2680 411 2737 est.
450 2671 554 2735 Doeet
572 2674 655 2736 enim
677 2673 727 2739 Ps.
754 2671 929 2758 Iosephus,
964 2672 1065 2737 adeo
1073 2721 1083 2755 ,
1116 2674 1208 2738 euius
1230 2696 1271 2739 ne
1299 2675 1385 2738 iram

264 2782 425 2854 moveant,
448 2773 588 2838 homines
608 2774 724 2838 Iudaei
744 2796 869 2860 semper
889 2774 1031 2856 timeant,
1052 2774 1156 2859 legem
1178 2796 1246 2839 esse
1268 2774 1382 2840 datam

264 2897 361 2962 quam
380 2874 577 2940 nullomodo
596 2875 720 2941 violare
738 2874 857 2941 liceret.
894 2875 1010 2962 Itaque
1028 2899 1068 2940 ne
1090 2876 1177 2942 cibos
1196 2876 1267 2961 lege
1288 2877 1384 2943 inter-

264 2982 367 3045 dictos
387 2979 535 3061 ederent,
564 2978 755 3045 Maeoabaei
776 2981 833 3065 qui
854 2990 1015 3045 voeantur
1027 3027 1037 3060 ,
1066 2978 1288 3044 erudelissima
1310 3002 1385 3066 sup-

264 3082 361 3167 plioia
390 3084 549 3168 patienter
580 3082 732 3150 tulerunt.
775 3083 886 3167 Ipsum
921 3092 1029 3147 autem
1063 3082 1159 3147 deum
1187 3084 1229 3146 iis
1261 3082 1384 3148 auxilio

265 3185 388 3249 venisse
416 3184 468 3249 vel
496 3205 606 3248 eorum
637 3185 759 3248 animos
789 3184 1030 3250 confirmavisse
1059 3205 1218 3270 nusquam
1246 3205 1386 3255 eommo-

265 3295 417 3351 moratur.
454 3286 518 3350 Sed
540 3308 646 3351 omnes
664 3286 725 3350 loei
747 3288 803 3372 qui
825 3287 888 3352 hue
909 3297 1058 3372 spectare
1079 3285 1230 3352 videntur
1253 3306 1273 3348 a
1292 3285 1386 3351 Ohri·

265 3388 376 3451 stiauis
417 3386 459 3451 ab
494 3389 623 3455 oratore
660 3390 923 3455 dissentientibus
961 3389 1045 3452 male
1081 3389 1260 3474 interpositi
1300 3399 1384 3454 sunt.

264 3492 378 3556 Nescio
398 3514 439 3556 an
451 3493 485 3556 id
504 3514 631 3578 quoque
648 3494 768 3558 addere
789 3493 934 3574 debeam,
951 3492 1043 3578 quod
1064 3492 1199 3557 verbum
1217 3513 1245 3553 rr
1259 3484 1385 3555 στεύειν

192 3630 198 3638 ·
263 3596 381 3678 spuriis
402 3593 481 3658 loeis
496 3597 650 3660 orationis
673 3597 802 3682 saepius
824 3596 999 3662 invenitur.
1040 3596 1079 3662 ef.
1101 3617 1132 3679 p.
1152 3595 1225 3677 283,
1240 3514 1284 3674 i?
1304 3616 1385 3659 νιισ-

263 3687 408 3771 νεύοντες
430 3745 437 3759 .
461 3744 469 3759 .
493 3746 500 3760 .
524 3687 576 3760 ὅτι
597 3700 669 3783 θεῷ
691 3686 751 3761 oria
776 3685 1077 3784 ἀποθνήσκουσιν.
1101 3744 1108 3760 .
1134 3743 1141 3760 .

347 3798 410 3863 Sed
432 3822 547 3865 vereor
564 3823 604 3866 ne
626 3801 742 3864 nimius
762 3802 797 3872 in
818 3800 880 3865 hoe
902 3822 1020 3886 genere
1042 3799 1165 3867 videar.
1204 3796 1320 3883 Itaque
1342 3819 1384 3863 no

264 3898 384 3963 diutius
411 3899 525 3986 loquar
553 3901 594 3966 de
623 3902 748 3986 piorum
782 3902 957 3987 legentium
978 3900 1206 3966 additamentis
1228 3900 1262 3965 id
1284 3923 1385 3965 unum

264 4000 440 4086 adiungere
462 4003 540 4067 mihi
564 4005 597 4067 in
618 4005 723 4069 auimo
746 4015 811 4087 est,
843 4026 906 4069 non
934 4004 1036 4069 solum
1059 4014 1127 4068 tota
1149 4004 1319 4067 enuntiata
1341 4003 1383 4067 ir-

264 4105 412 4191 repsisse,
434 4105 489 4169 sed
512 4107 608 4171 etiam
629 4106 773 4192 singulas
792 4107 924 4173 vooulas
946 4108 988 4171 ad
1010 4107 1205 4191 elegantiam
1227 4107 1382 4170 sermonis

264 4206 447 4300 augendam
469 4230 489 4272 a
508 4208 651 4277 librariis
671 4211 811 4277 insertas
834 4232 910 4279 esse.
950 4210 1025 4275 Hue
1046 4218 1172 4296 spectat
1194 4207 1275 4276 illud
1297 4208 1383 4296 quod
